timestamp,price,quantity,side,venue,symbol,snapshot_id
2026-03-29T20:19:14.872565+00:00,66575.9,0.13093,bid,okx,BTC-USDT,0
2026-03-29T20:19:14.872565+00:00,66575.5,0.03004,bid,okx,BTC-USDT,0
2026-03-29T20:19:14.872565+00:00,66575.1,0.09042401,bid,okx,BTC-USDT,0
2026-03-29T20:19:14.872565+00:00,66575.0,0.0415,bid,okx,BTC-USDT,0
2026-03-29T20:19:14.872565+00:00,66574.0,0.0415,bid,okx,BTC-USDT,0
2026-03-29T20:19:14.872565+00:00,66573.3,0.00019278,bid,okx,BTC-USDT,0
2026-03-29T20:19:14.872565+00:00,66572.7,0.001513,bid,okx,BTC-USDT,0
2026-03-29T20:19:14.872565+00:00,66571.9,0.1198,bid,okx,BTC-USDT,0
2026-03-29T20:19:14.872565+00:00,66571.0,0.0415,bid,okx,BTC-USDT,0
2026-03-29T20:19:14.872565+00:00,66569.9,0.00014181,bid,okx,BTC-USDT,0
2026-03-29T20:19:14.872565+00:00,66569.1,0.17161802,bid,okx,BTC-USDT,0
2026-03-29T20:19:14.872565+00:00,66569.0,6.163e-05,bid,okx,BTC-USDT,0
2026-03-29T20:19:14.872565+00:00,66568.9,0.1417,bid,okx,BTC-USDT,0
2026-03-29T20:19:14.872565+00:00,66568.5,1.5e-05,bid,okx,BTC-USDT,0
2026-03-29T20:19:14.872565+00:00,66568.0,0.04544299,bid,okx,BTC-USDT,0
2026-03-29T20:19:14.872565+00:00,66567.9,0.27615482,bid,okx,BTC-USDT,0
2026-03-29T20:19:14.872565+00:00,66567.0,0.00325151,bid,okx,BTC-USDT,0
2026-03-29T20:19:14.872565+00:00,66566.1,0.04272125,bid,okx,BTC-USDT,0
2026-03-29T20:19:14.872565+00:00,66566.0,0.0415,bid,okx,BTC-USDT,0
2026-03-29T20:19:14.872565+00:00,66565.8,0.00300619,bid,okx,BTC-USDT,0
2026-03-29T20:19:14.872565+00:00,66565.0,0.0415,bid,okx,BTC-USDT,0
2026-03-29T20:19:14.872565+00:00,66564.4,0.06758267,bid,okx,BTC-USDT,0
2026-03-29T20:19:14.872565+00:00,66563.7,1.514e-05,bid,okx,BTC-USDT,0
2026-03-29T20:19:14.872565+00:00,66562.4,0.00751534,bid,okx,BTC-USDT,0
2026-03-29T20:19:14.872565+00:00,66562.3,0.01855479,bid,okx,BTC-USDT,0
2026-03-29T20:19:14.872565+00:00,66561.8,1.5e-05,bid,okx,BTC-USDT,0
2026-03-29T20:19:14.872565+00:00,66561.6,0.01217038,bid,okx,BTC-USDT,0
2026-03-29T20:19:14.872565+00:00,66561.0,0.01308456,bid,okx,BTC-USDT,0
2026-03-29T20:19:14.872565+00:00,66560.6,0.04512,bid,okx,BTC-USDT,0
2026-03-29T20:19:14.872565+00:00,66560.0,0.00047676,bid,okx,BTC-USDT,0
2026-03-29T20:19:14.872565+00:00,66559.9,1e-05,bid,okx,BTC-USDT,0
2026-03-29T20:19:14.872565+00:00,66558.3,0.05383143,bid,okx,BTC-USDT,0
2026-03-29T20:19:14.872565+00:00,66558.2,0.2183398,bid,okx,BTC-USDT,0
2026-03-29T20:19:14.872565+00:00,66557.7,0.0765061,bid,okx,BTC-USDT,0
2026-03-29T20:19:14.872565+00:00,66557.2,0.30065713,bid,okx,BTC-USDT,0
2026-03-29T20:19:14.872565+00:00,66557.1,0.1803184,bid,okx,BTC-USDT,0
2026-03-29T20:19:14.872565+00:00,66557.0,0.00672326,bid,okx,BTC-USDT,0
2026-03-29T20:19:14.872565+00:00,66556.9,0.1417,bid,okx,BTC-USDT,0
2026-03-29T20:19:14.872565+00:00,66556.3,1.514e-05,bid,okx,BTC-USDT,0
2026-03-29T20:19:14.872565+00:00,66556.1,0.0066,bid,okx,BTC-USDT,0
2026-03-29T20:19:14.872565+00:00,66555.3,0.02755783,bid,okx,BTC-USDT,0
2026-03-29T20:19:14.872565+00:00,66555.1,1.501e-05,bid,okx,BTC-USDT,0
2026-03-29T20:19:14.872565+00:00,66554.2,0.1803184,bid,okx,BTC-USDT,0
2026-03-29T20:19:14.872565+00:00,66554.1,0.09925138,bid,okx,BTC-USDT,0
2026-03-29T20:19:14.872565+00:00,66552.8,0.18033981,bid,okx,BTC-USDT,0
2026-03-29T20:19:14.872565+00:00,66552.7,1.514e-05,bid,okx,BTC-USDT,0
2026-03-29T20:19:14.872565+00:00,66552.4,0.00601238,bid,okx,BTC-USDT,0
2026-03-29T20:19:14.872565+00:00,66551.8,0.00662,bid,okx,BTC-USDT,0
2026-03-29T20:19:14.872565+00:00,66551.7,0.01855479,bid,okx,BTC-USDT,0
2026-03-29T20:19:14.872565+00:00,66551.2,0.05639129,bid,okx,BTC-USDT,0
2026-03-29T20:19:14.872565+00:00,66551.1,0.08697898,bid,okx,BTC-USDT,0
2026-03-29T20:19:14.872565+00:00,66549.6,0.1803184,bid,okx,BTC-USDT,0
2026-03-29T20:19:14.872565+00:00,66549.5,0.07519918,bid,okx,BTC-USDT,0
2026-03-29T20:19:14.872565+00:00,66549.2,0.0521726,bid,okx,BTC-USDT,0
2026-03-29T20:19:14.872565+00:00,66549.1,4.291e-05,bid,okx,BTC-USDT,0
2026-03-29T20:19:14.872565+00:00,66549.0,1.514e-05,bid,okx,BTC-USDT,0
2026-03-29T20:19:14.872565+00:00,66548.4,1.5e-05,bid,okx,BTC-USDT,0
2026-03-29T20:19:14.872565+00:00,66548.0,0.04647311,bid,okx,BTC-USDT,0
2026-03-29T20:19:14.872565+00:00,66547.8,0.49249496,bid,okx,BTC-USDT,0
2026-03-29T20:19:14.872565+00:00,66547.3,0.00080371,bid,okx,BTC-USDT,0
2026-03-29T20:19:14.872565+00:00,66547.0,0.01326182,bid,okx,BTC-USDT,0
2026-03-29T20:19:14.872565+00:00,66546.7,0.00392566,bid,okx,BTC-USDT,0
2026-03-29T20:19:14.872565+00:00,66546.6,0.36065821,bid,okx,BTC-USDT,0
2026-03-29T20:19:14.872565+00:00,66546.5,0.01901687,bid,okx,BTC-USDT,0
2026-03-29T20:19:14.872565+00:00,66546.3,0.0219677,bid,okx,BTC-USDT,0
2026-03-29T20:19:14.872565+00:00,66546.2,0.1417,bid,okx,BTC-USDT,0
2026-03-29T20:19:14.872565+00:00,66546.0,0.16265,bid,okx,BTC-USDT,0
2026-03-29T20:19:14.872565+00:00,66545.4,1.514e-05,bid,okx,BTC-USDT,0
2026-03-29T20:19:14.872565+00:00,66544.8,0.03,bid,okx,BTC-USDT,0
2026-03-29T20:19:14.872565+00:00,66544.6,0.01855479,bid,okx,BTC-USDT,0
2026-03-29T20:19:14.872565+00:00,66544.5,0.84593,bid,okx,BTC-USDT,0
2026-03-29T20:19:14.872565+00:00,66543.8,0.30206065,bid,okx,BTC-USDT,0
2026-03-29T20:19:14.872565+00:00,66543.7,1e-05,bid,okx,BTC-USDT,0
2026-03-29T20:19:14.872565+00:00,66543.6,0.12628501,bid,okx,BTC-USDT,0
2026-03-29T20:19:14.872565+00:00,66543.5,0.1803184,bid,okx,BTC-USDT,0
2026-03-29T20:19:14.872565+00:00,66543.1,0.00240003,bid,okx,BTC-USDT,0
2026-03-29T20:19:14.872565+00:00,66543.0,0.86958,bid,okx,BTC-USDT,0
2026-03-29T20:19:14.872565+00:00,66542.3,0.00884121,bid,okx,BTC-USDT,0
2026-03-29T20:19:14.872565+00:00,66541.8,0.0066,bid,okx,BTC-USDT,0
2026-03-29T20:19:14.872565+00:00,66541.7,3.015e-05,bid,okx,BTC-USDT,0
2026-03-29T20:19:14.872565+00:00,66541.3,0.06008107,bid,okx,BTC-USDT,0
2026-03-29T20:19:14.872565+00:00,66540.3,0.18412676,bid,okx,BTC-USDT,0
2026-03-29T20:19:14.872565+00:00,66540.2,0.10969992,bid,okx,BTC-USDT,0
2026-03-29T20:19:14.872565+00:00,66540.1,0.1803184,bid,okx,BTC-USDT,0
2026-03-29T20:19:14.872565+00:00,66540.0,0.18080143,bid,okx,BTC-USDT,0
2026-03-29T20:19:14.872565+00:00,66539.1,0.00901857,bid,okx,BTC-USDT,0
2026-03-29T20:19:14.872565+00:00,66538.0,1.514e-05,bid,okx,BTC-USDT,0
2026-03-29T20:19:14.872565+00:00,66537.8,0.01855479,bid,okx,BTC-USDT,0
2026-03-29T20:19:14.872565+00:00,66537.7,0.00082111,bid,okx,BTC-USDT,0
2026-03-29T20:19:14.872565+00:00,66537.0,0.14721494,bid,okx,BTC-USDT,0
2026-03-29T20:19:14.872565+00:00,66536.7,0.1417,bid,okx,BTC-USDT,0
2026-03-29T20:19:14.872565+00:00,66536.0,0.00601178,bid,okx,BTC-USDT,0
2026-03-29T20:19:14.872565+00:00,66535.6,2e-05,bid,okx,BTC-USDT,0
2026-03-29T20:19:14.872565+00:00,66535.3,0.1803184,bid,okx,BTC-USDT,0
2026-03-29T20:19:14.872565+00:00,66535.0,1.501e-05,bid,okx,BTC-USDT,0
2026-03-29T20:19:14.872565+00:00,66534.7,0.16213,bid,okx,BTC-USDT,0
2026-03-29T20:19:14.872565+00:00,66534.4,1.514e-05,bid,okx,BTC-USDT,0
2026-03-29T20:19:14.872565+00:00,66534.2,0.40902383,bid,okx,BTC-USDT,0
2026-03-29T20:19:14.872565+00:00,66534.1,0.18033981,bid,okx,BTC-USDT,0
2026-03-29T20:19:14.872565+00:00,66533.3,0.00749407,bid,okx,BTC-USDT,0
2026-03-29T20:19:14.872565+00:00,66532.0,0.01855479,bid,okx,BTC-USDT,0
2026-03-29T20:19:14.872565+00:00,66531.8,0.1803184,bid,okx,BTC-USDT,0
2026-03-29T20:19:14.872565+00:00,66531.7,0.39683,bid,okx,BTC-USDT,0
2026-03-29T20:19:14.872565+00:00,66531.4,0.396831,bid,okx,BTC-USDT,0
2026-03-29T20:19:14.872565+00:00,66530.8,0.17764015,bid,okx,BTC-USDT,0
2026-03-29T20:19:14.872565+00:00,66530.7,0.0074944,bid,okx,BTC-USDT,0
2026-03-29T20:19:14.872565+00:00,66529.7,0.1417,bid,okx,BTC-USDT,0
2026-03-29T20:19:14.872565+00:00,66529.3,1.501e-05,bid,okx,BTC-USDT,0
2026-03-29T20:19:14.872565+00:00,66528.8,0.1803184,bid,okx,BTC-USDT,0
2026-03-29T20:19:14.872565+00:00,66528.7,0.18033981,bid,okx,BTC-USDT,0
2026-03-29T20:19:14.872565+00:00,66528.3,0.01327683,bid,okx,BTC-USDT,0
2026-03-29T20:19:14.872565+00:00,66528.1,0.01,bid,okx,BTC-USDT,0
2026-03-29T20:19:14.872565+00:00,66527.5,3e-05,bid,okx,BTC-USDT,0
2026-03-29T20:19:14.872565+00:00,66527.2,0.14102264,bid,okx,BTC-USDT,0
2026-03-29T20:19:14.872565+00:00,66527.1,0.28237554,bid,okx,BTC-USDT,0
2026-03-29T20:19:14.872565+00:00,66526.5,0.0024586,bid,okx,BTC-USDT,0
2026-03-29T20:19:14.872565+00:00,66526.4,0.23106443,bid,okx,BTC-USDT,0
2026-03-29T20:19:14.872565+00:00,66526.0,0.1803184,bid,okx,BTC-USDT,0
2026-03-29T20:19:14.872565+00:00,66525.8,0.01202476,bid,okx,BTC-USDT,0
2026-03-29T20:19:14.872565+00:00,66524.7,0.24322967,bid,okx,BTC-USDT,0
2026-03-29T20:19:14.872565+00:00,66523.8,0.00748725,bid,okx,BTC-USDT,0
2026-03-29T20:19:14.872565+00:00,66523.7,3.9136469,bid,okx,BTC-USDT,0
2026-03-29T20:19:14.872565+00:00,66523.5,0.02538828,bid,okx,BTC-USDT,0
2026-03-29T20:19:14.872565+00:00,66523.4,1.514e-05,bid,okx,BTC-USDT,0
2026-03-29T20:19:14.872565+00:00,66523.0,0.03821014,bid,okx,BTC-USDT,0
2026-03-29T20:19:14.872565+00:00,66522.4,0.02368953,bid,okx,BTC-USDT,0
2026-03-29T20:19:14.872565+00:00,66522.3,0.1417,bid,okx,BTC-USDT,0
2026-03-29T20:19:14.872565+00:00,66522.2,0.1803184,bid,okx,BTC-USDT,0
2026-03-29T20:19:14.872565+00:00,66522.1,0.18033981,bid,okx,BTC-USDT,0
2026-03-29T20:19:14.872565+00:00,66522.0,0.35695971,bid,okx,BTC-USDT,0
2026-03-29T20:19:14.872565+00:00,66521.9,0.01326182,bid,okx,BTC-USDT,0
2026-03-29T20:19:14.872565+00:00,66521.8,0.0235259,bid,okx,BTC-USDT,0
2026-03-29T20:19:14.872565+00:00,66521.6,1.5e-05,bid,okx,BTC-USDT,0
2026-03-29T20:19:14.872565+00:00,66520.5,0.02368953,bid,okx,BTC-USDT,0
2026-03-29T20:19:14.872565+00:00,66520.4,0.08406187,bid,okx,BTC-USDT,0
2026-03-29T20:19:14.872565+00:00,66520.3,0.07421916,bid,okx,BTC-USDT,0
2026-03-29T20:19:14.872565+00:00,66520.0,0.00046162,bid,okx,BTC-USDT,0
2026-03-29T20:19:14.872565+00:00,66519.7,1.514e-05,bid,okx,BTC-USDT,0
2026-03-29T20:19:14.872565+00:00,66519.4,4e-05,bid,okx,BTC-USDT,0
2026-03-29T20:19:14.872565+00:00,66518.9,0.02368953,bid,okx,BTC-USDT,0
2026-03-29T20:19:14.872565+00:00,66518.3,0.1803184,bid,okx,BTC-USDT,0
2026-03-29T20:19:14.872565+00:00,66517.6,0.02368953,bid,okx,BTC-USDT,0
2026-03-29T20:19:14.872565+00:00,66516.8,0.24372489,bid,okx,BTC-USDT,0
2026-03-29T20:19:14.872565+00:00,66516.7,0.18033981,bid,okx,BTC-USDT,0
2026-03-29T20:19:14.872565+00:00,66516.1,1.514e-05,bid,okx,BTC-USDT,0
2026-03-29T20:19:14.872565+00:00,66515.6,0.541226,bid,okx,BTC-USDT,0
2026-03-29T20:19:14.872565+00:00,66514.9,1.5e-05,bid,okx,BTC-USDT,0
2026-03-29T20:19:14.872565+00:00,66514.8,0.13525486,bid,okx,BTC-USDT,0
2026-03-29T20:19:14.872565+00:00,66514.7,0.09857991,bid,okx,BTC-USDT,0
2026-03-29T20:19:14.872565+00:00,66514.5,0.03821014,bid,okx,BTC-USDT,0
2026-03-29T20:19:14.872565+00:00,66513.9,0.1417,bid,okx,BTC-USDT,0
2026-03-29T20:19:14.872565+00:00,66513.2,0.0150308,bid,okx,BTC-USDT,0
2026-03-29T20:19:14.872565+00:00,66512.4,1.514e-05,bid,okx,BTC-USDT,0
2026-03-29T20:19:14.872565+00:00,66511.8,0.13525486,bid,okx,BTC-USDT,0
2026-03-29T20:19:14.872565+00:00,66511.3,3e-05,bid,okx,BTC-USDT,0
2026-03-29T20:19:14.872565+00:00,66511.0,0.00074496,bid,okx,BTC-USDT,0
2026-03-29T20:19:14.872565+00:00,66510.6,0.003004,bid,okx,BTC-USDT,0
2026-03-29T20:19:14.872565+00:00,66510.2,0.01855479,bid,okx,BTC-USDT,0
2026-03-29T20:19:14.872565+00:00,66510.0,0.10542889,bid,okx,BTC-USDT,0
2026-03-29T20:19:14.872565+00:00,66509.9,0.03757079,bid,okx,BTC-USDT,0
2026-03-29T20:19:14.872565+00:00,66509.7,0.18033981,bid,okx,BTC-USDT,0
2026-03-29T20:19:14.872565+00:00,66508.9,0.13525486,bid,okx,BTC-USDT,0
2026-03-29T20:19:14.872565+00:00,66508.8,1.514e-05,bid,okx,BTC-USDT,0
2026-03-29T20:19:14.872565+00:00,66508.2,1.5e-05,bid,okx,BTC-USDT,0
2026-03-29T20:19:14.872565+00:00,66507.2,0.1417,bid,okx,BTC-USDT,0
2026-03-29T20:19:14.872565+00:00,66507.1,1.86837374,bid,okx,BTC-USDT,0
2026-03-29T20:19:14.872565+00:00,66507.0,5.64198,bid,okx,BTC-USDT,0
2026-03-29T20:19:14.872565+00:00,66506.2,0.01855479,bid,okx,BTC-USDT,0
2026-03-29T20:19:14.872565+00:00,66505.6,0.13525486,bid,okx,BTC-USDT,0
2026-03-29T20:19:14.872565+00:00,66505.1,1.514e-05,bid,okx,BTC-USDT,0
2026-03-29T20:19:14.872565+00:00,66504.6,1.86448076,bid,okx,BTC-USDT,0
2026-03-29T20:19:14.872565+00:00,66504.5,5.8006,bid,okx,BTC-USDT,0
2026-03-29T20:19:14.872565+00:00,66503.2,4e-05,bid,okx,BTC-USDT,0
2026-03-29T20:19:14.872565+00:00,66502.4,0.13525486,bid,okx,BTC-USDT,0
2026-03-29T20:19:14.872565+00:00,66502.3,0.20267867,bid,okx,BTC-USDT,0
2026-03-29T20:19:14.872565+00:00,66501.9,0.12,bid,okx,BTC-USDT,0
2026-03-29T20:19:14.872565+00:00,66501.5,3.014e-05,bid,okx,BTC-USDT,0
2026-03-29T20:19:14.872565+00:00,66501.2,0.12734628,bid,okx,BTC-USDT,0
2026-03-29T20:19:14.872565+00:00,66501.1,0.11281,bid,okx,BTC-USDT,0
2026-03-29T20:19:14.872565+00:00,66500.2,0.05489852,bid,okx,BTC-USDT,0
2026-03-29T20:19:14.872565+00:00,66500.0,0.00047162,bid,okx,BTC-USDT,0
2026-03-29T20:19:14.872565+00:00,66499.9,0.0212,bid,okx,BTC-USDT,0
2026-03-29T20:19:14.872565+00:00,66499.6,0.13525486,bid,okx,BTC-USDT,0
2026-03-29T20:19:14.872565+00:00,66499.3,0.1417,bid,okx,BTC-USDT,0
2026-03-29T20:19:14.872565+00:00,66498.5,0.00748937,bid,okx,BTC-USDT,0
2026-03-29T20:19:14.872565+00:00,66498.0,0.01855479,bid,okx,BTC-USDT,0
2026-03-29T20:19:14.872565+00:00,66497.8,1.514e-05,bid,okx,BTC-USDT,0
2026-03-29T20:19:14.872565+00:00,66496.0,1.501e-05,bid,okx,BTC-USDT,0
2026-03-29T20:19:14.872565+00:00,66495.8,0.00015039,bid,okx,BTC-USDT,0
2026-03-29T20:19:14.872565+00:00,66495.2,0.00242164,bid,okx,BTC-USDT,0
2026-03-29T20:19:14.872565+00:00,66495.1,0.00044509,bid,okx,BTC-USDT,0
2026-03-29T20:19:14.872565+00:00,66494.8,1.5e-05,bid,okx,BTC-USDT,0
2026-03-29T20:19:14.872565+00:00,66494.1,1.514e-05,bid,okx,BTC-USDT,0
2026-03-29T20:19:14.872565+00:00,66493.2,0.01881291,bid,okx,BTC-USDT,0
2026-03-29T20:19:14.872565+00:00,66493.1,0.16166994,bid,okx,BTC-USDT,0
2026-03-29T20:19:14.872565+00:00,66493.0,0.14120507,bid,okx,BTC-USDT,0
2026-03-29T20:19:14.872565+00:00,66492.0,0.18033981,bid,okx,BTC-USDT,0
2026-03-29T20:19:14.872565+00:00,66491.7,0.1417,bid,okx,BTC-USDT,0
2026-03-29T20:19:14.872565+00:00,66490.6,0.03510491,bid,okx,BTC-USDT,0
2026-03-29T20:19:14.872565+00:00,66490.5,0.0220988,bid,okx,BTC-USDT,0
2026-03-29T20:19:14.872565+00:00,66490.0,0.00074496,bid,okx,BTC-USDT,0
2026-03-29T20:19:14.872565+00:00,66488.9,0.06955587,bid,okx,BTC-USDT,0
2026-03-29T20:19:14.872565+00:00,66488.2,0.05602514,bid,okx,BTC-USDT,0
2026-03-29T20:19:14.872565+00:00,66488.1,1.501e-05,bid,okx,BTC-USDT,0
2026-03-29T20:19:14.872565+00:00,66488.0,0.23496074,bid,okx,BTC-USDT,0
2026-03-29T20:19:14.872565+00:00,66487.9,0.13525486,bid,okx,BTC-USDT,0
2026-03-29T20:19:14.872565+00:00,66487.6,0.12,bid,okx,BTC-USDT,0
2026-03-29T20:19:14.872565+00:00,66487.3,0.02538855,bid,okx,BTC-USDT,0
2026-03-29T20:19:14.872565+00:00,66487.2,0.02208366,bid,okx,BTC-USDT,0
2026-03-29T20:19:14.872565+00:00,66487.1,0.01855479,bid,okx,BTC-USDT,0
2026-03-29T20:19:14.872565+00:00,66487.0,6.197e-05,bid,okx,BTC-USDT,0
2026-03-29T20:19:14.872565+00:00,66486.8,1.514e-05,bid,okx,BTC-USDT,0
2026-03-29T20:19:14.872565+00:00,66486.7,0.02208299,bid,okx,BTC-USDT,0
2026-03-29T20:19:14.872565+00:00,66486.6,0.18033981,bid,okx,BTC-USDT,0
2026-03-29T20:19:14.872565+00:00,66486.0,0.00098608,bid,okx,BTC-USDT,0
2026-03-29T20:19:14.872565+00:00,66485.9,0.02208299,bid,okx,BTC-USDT,0
2026-03-29T20:19:14.872565+00:00,66485.8,0.02538855,bid,okx,BTC-USDT,0
2026-03-29T20:19:14.872565+00:00,66485.6,0.12,bid,okx,BTC-USDT,0
2026-03-29T20:19:14.872565+00:00,66485.2,0.00151838,bid,okx,BTC-USDT,0
2026-03-29T20:19:14.872565+00:00,66485.1,0.2671111,bid,okx,BTC-USDT,0
2026-03-29T20:19:14.872565+00:00,66485.0,0.20240139,bid,okx,BTC-USDT,0
2026-03-29T20:19:14.872565+00:00,66484.0,5.99e-05,bid,okx,BTC-USDT,0
2026-03-29T20:19:14.872565+00:00,66483.5,0.02538855,bid,okx,BTC-USDT,0
2026-03-29T20:19:14.872565+00:00,66483.4,0.02208366,bid,okx,BTC-USDT,0
2026-03-29T20:19:14.872565+00:00,66483.3,0.1417,bid,okx,BTC-USDT,0
2026-03-29T20:19:14.872565+00:00,66483.2,2.712e-05,bid,okx,BTC-USDT,0
2026-03-29T20:19:14.872565+00:00,66482.4,0.04748353,bid,okx,BTC-USDT,0
2026-03-29T20:19:14.872565+00:00,66482.3,0.00261473,bid,okx,BTC-USDT,0
2026-03-29T20:19:14.872565+00:00,66482.2,0.20240206,bid,okx,BTC-USDT,0
2026-03-29T20:19:14.872565+00:00,66482.1,0.33010961,bid,okx,BTC-USDT,0
2026-03-29T20:19:14.872565+00:00,66482.0,0.01499694,bid,okx,BTC-USDT,0
2026-03-29T20:19:14.872565+00:00,66481.8,0.01863736,bid,okx,BTC-USDT,0
2026-03-29T20:19:14.872565+00:00,66481.5,0.02538855,bid,okx,BTC-USDT,0
2026-03-29T20:19:14.872565+00:00,66481.4,0.06050892,bid,okx,BTC-USDT,0
2026-03-29T20:19:14.872565+00:00,66481.3,0.07843249,bid,okx,BTC-USDT,0
2026-03-29T20:19:14.872565+00:00,66480.6,0.02368953,bid,okx,BTC-USDT,0
2026-03-29T20:19:14.872565+00:00,66480.5,0.02208366,bid,okx,BTC-USDT,0
2026-03-29T20:19:14.872565+00:00,66480.0,0.00046162,bid,okx,BTC-USDT,0
2026-03-29T20:19:14.872565+00:00,66479.5,1.514e-05,bid,okx,BTC-USDT,0
2026-03-29T20:19:14.872565+00:00,66478.9,0.02376953,bid,okx,BTC-USDT,0
2026-03-29T20:19:14.872565+00:00,66478.8,0.02538855,bid,okx,BTC-USDT,0
2026-03-29T20:19:14.872565+00:00,66478.7,0.04416732,bid,okx,BTC-USDT,0
2026-03-29T20:19:14.872565+00:00,66478.6,0.02433344,bid,okx,BTC-USDT,0
2026-03-29T20:19:14.872565+00:00,66477.4,0.02208366,bid,okx,BTC-USDT,0
2026-03-29T20:19:14.872565+00:00,66477.3,0.15733852,bid,okx,BTC-USDT,0
2026-03-29T20:19:14.872565+00:00,66477.2,0.18033981,bid,okx,BTC-USDT,0
2026-03-29T20:19:14.872565+00:00,66476.8,0.04744491,bid,okx,BTC-USDT,0
2026-03-29T20:19:14.872565+00:00,66476.7,0.02368953,bid,okx,BTC-USDT,0
2026-03-29T20:19:14.872565+00:00,66476.6,0.29417791,bid,okx,BTC-USDT,0
2026-03-29T20:19:14.872565+00:00,66476.3,0.1417,bid,okx,BTC-USDT,0
2026-03-29T20:19:14.872565+00:00,66475.9,1.514e-05,bid,okx,BTC-USDT,0
2026-03-29T20:19:14.872565+00:00,66475.5,0.0237015,bid,okx,BTC-USDT,0
2026-03-29T20:19:14.872565+00:00,66475.4,0.5999,bid,okx,BTC-USDT,0
2026-03-29T20:19:14.872565+00:00,66475.3,0.02433344,bid,okx,BTC-USDT,0
2026-03-29T20:19:14.872565+00:00,66475.0,0.19163681,bid,okx,BTC-USDT,0
2026-03-29T20:19:14.872565+00:00,66474.9,0.15176798,bid,okx,BTC-USDT,0
2026-03-29T20:19:14.872565+00:00,66474.7,1.5e-05,bid,okx,BTC-USDT,0
2026-03-29T20:19:14.872565+00:00,66474.5,0.02433344,bid,okx,BTC-USDT,0
2026-03-29T20:19:14.872565+00:00,66474.4,0.26228228,bid,okx,BTC-USDT,0
2026-03-29T20:19:14.872565+00:00,66474.0,0.13525486,bid,okx,BTC-USDT,0
2026-03-29T20:19:14.872565+00:00,66473.8,0.00036999,bid,okx,BTC-USDT,0
2026-03-29T20:19:14.872565+00:00,66473.6,0.1983869,bid,okx,BTC-USDT,0
2026-03-29T20:19:14.872565+00:00,66472.6,0.02538809,bid,okx,BTC-USDT,0
2026-03-29T20:19:14.872565+00:00,66472.5,0.07341106,bid,okx,BTC-USDT,0
2026-03-29T20:19:14.872565+00:00,66472.4,0.01855479,bid,okx,BTC-USDT,0
2026-03-29T20:19:14.872565+00:00,66472.3,0.00496887,bid,okx,BTC-USDT,0
2026-03-29T20:19:14.872565+00:00,66472.2,3.906e-05,bid,okx,BTC-USDT,0
2026-03-29T20:19:14.872565+00:00,66470.8,9e-05,bid,okx,BTC-USDT,0
2026-03-29T20:19:14.872565+00:00,66470.6,0.02538809,bid,okx,BTC-USDT,0
2026-03-29T20:19:14.872565+00:00,66470.5,0.5190057,bid,okx,BTC-USDT,0
2026-03-29T20:19:14.872565+00:00,66470.4,0.13525486,bid,okx,BTC-USDT,0
2026-03-29T20:19:14.872565+00:00,66470.3,0.20467325,bid,okx,BTC-USDT,0
2026-03-29T20:19:14.872565+00:00,66470.2,0.1,bid,okx,BTC-USDT,0
2026-03-29T20:19:14.872565+00:00,66470.0,1.272753,bid,okx,BTC-USDT,0
2026-03-29T20:19:14.872565+00:00,66469.4,0.02368953,bid,okx,BTC-USDT,0
2026-03-29T20:19:14.872565+00:00,66469.3,0.0236,bid,okx,BTC-USDT,0
2026-03-29T20:19:14.872565+00:00,66469.0,0.0253895,bid,okx,BTC-USDT,0
2026-03-29T20:19:14.872565+00:00,66468.9,0.02433344,bid,okx,BTC-USDT,0
2026-03-29T20:19:14.872565+00:00,66468.5,1.514e-05,bid,okx,BTC-USDT,0
2026-03-29T20:19:14.872565+00:00,66468.0,1.5e-05,bid,okx,BTC-USDT,0
2026-03-29T20:19:14.872565+00:00,66467.7,0.02538809,bid,okx,BTC-USDT,0
2026-03-29T20:19:14.872565+00:00,66467.5,0.11283,bid,okx,BTC-USDT,0
2026-03-29T20:19:14.872565+00:00,66467.2,0.1417,bid,okx,BTC-USDT,0
2026-03-29T20:19:14.872565+00:00,66467.1,0.0008,bid,okx,BTC-USDT,0
2026-03-29T20:19:14.872565+00:00,66466.9,0.0422598,bid,okx,BTC-USDT,0
2026-03-29T20:19:14.872565+00:00,66466.7,0.03405306,bid,okx,BTC-USDT,0
2026-03-29T20:19:14.872565+00:00,66466.4,1.196e-05,bid,okx,BTC-USDT,0
2026-03-29T20:19:14.872565+00:00,66465.8,0.02538809,bid,okx,BTC-USDT,0
2026-03-29T20:19:14.872565+00:00,66464.9,1.514e-05,bid,okx,BTC-USDT,0
2026-03-29T20:19:14.872565+00:00,66464.4,0.0290548,bid,okx,BTC-USDT,0
2026-03-29T20:19:14.872565+00:00,66464.3,0.02538809,bid,okx,BTC-USDT,0
2026-03-29T20:19:14.872565+00:00,66464.2,0.04737906,bid,okx,BTC-USDT,0
2026-03-29T20:19:14.872565+00:00,66462.7,8.5e-05,bid,okx,BTC-USDT,0
2026-03-29T20:19:14.872565+00:00,66461.7,0.02368889,bid,okx,BTC-USDT,0
2026-03-29T20:19:14.872565+00:00,66461.6,0.04907839,bid,okx,BTC-USDT,0
2026-03-29T20:19:14.872565+00:00,66461.5,0.0243379,bid,okx,BTC-USDT,0
2026-03-29T20:19:14.872565+00:00,66461.3,0.23263327,bid,okx,BTC-USDT,0
2026-03-29T20:19:14.872565+00:00,66461.2,1.514e-05,bid,okx,BTC-USDT,0
2026-03-29T20:19:14.872565+00:00,66461.0,0.13525486,bid,okx,BTC-USDT,0
2026-03-29T20:19:14.872565+00:00,66460.4,0.01855479,bid,okx,BTC-USDT,0
2026-03-29T20:19:14.872565+00:00,66460.0,0.16755112,bid,okx,BTC-USDT,0
2026-03-29T20:19:14.872565+00:00,66459.3,0.02368889,bid,okx,BTC-USDT,0
2026-03-29T20:19:14.872565+00:00,66459.2,0.02434298,bid,okx,BTC-USDT,0
2026-03-29T20:19:14.872565+00:00,66458.2,0.02538854,bid,okx,BTC-USDT,0
2026-03-29T20:19:14.872565+00:00,66458.1,0.18033981,bid,okx,BTC-USDT,0
2026-03-29T20:19:14.872565+00:00,66457.9,0.02345996,bid,okx,BTC-USDT,0
2026-03-29T20:19:14.872565+00:00,66457.8,0.00040169,bid,okx,BTC-USDT,0
2026-03-29T20:19:14.872565+00:00,66457.6,0.001804,bid,okx,BTC-USDT,0
2026-03-29T20:19:14.872565+00:00,66457.3,0.0253895,bid,okx,BTC-USDT,0
2026-03-29T20:19:14.872565+00:00,66457.1,0.05087475,bid,okx,BTC-USDT,0
2026-03-29T20:19:14.872565+00:00,66455.4,0.02368906,bid,okx,BTC-USDT,0
2026-03-29T20:19:14.872565+00:00,66455.3,0.04972951,bid,okx,BTC-USDT,0
2026-03-29T20:19:14.872565+00:00,66455.2,0.02538854,bid,okx,BTC-USDT,0
2026-03-29T20:19:14.872565+00:00,66455.1,0.04897854,bid,okx,BTC-USDT,0
2026-03-29T20:19:14.872565+00:00,66454.8,0.0253895,bid,okx,BTC-USDT,0
2026-03-29T20:19:14.872565+00:00,66454.7,0.04394333,bid,okx,BTC-USDT,0
2026-03-29T20:19:14.872565+00:00,66454.6,0.000155,bid,okx,BTC-USDT,0
2026-03-29T20:19:14.872565+00:00,66453.9,1.514e-05,bid,okx,BTC-USDT,0
2026-03-29T20:19:14.872565+00:00,66453.3,0.0253882,bid,okx,BTC-USDT,0
2026-03-29T20:19:14.872565+00:00,66453.2,0.02358904,bid,okx,BTC-USDT,0
2026-03-29T20:19:14.872565+00:00,66453.1,0.02538854,bid,okx,BTC-USDT,0
2026-03-29T20:19:14.872565+00:00,66453.0,0.1611352,bid,okx,BTC-USDT,0
2026-03-29T20:19:14.872565+00:00,66452.4,1.273091,bid,okx,BTC-USDT,0
2026-03-29T20:19:14.872565+00:00,66452.1,0.02434298,bid,okx,BTC-USDT,0
2026-03-29T20:19:14.872565+00:00,66452.0,0.04717854,bid,okx,BTC-USDT,0
2026-03-29T20:19:14.872565+00:00,66451.9,0.09994,bid,okx,BTC-USDT,0
2026-03-29T20:19:14.872565+00:00,66451.7,0.00747044,bid,okx,BTC-USDT,0
2026-03-29T20:19:14.872565+00:00,66451.6,0.05077674,bid,okx,BTC-USDT,0
2026-03-29T20:19:14.872565+00:00,66451.5,0.02576464,bid,okx,BTC-USDT,0
2026-03-29T20:19:14.872565+00:00,66451.3,0.1,bid,okx,BTC-USDT,0
2026-03-29T20:19:14.872565+00:00,66451.1,0.02358936,bid,okx,BTC-USDT,0
2026-03-29T20:19:14.872565+00:00,66451.0,0.02378779,bid,okx,BTC-USDT,0
2026-03-29T20:19:14.872565+00:00,66450.7,0.00750178,bid,okx,BTC-USDT,0
2026-03-29T20:19:14.872565+00:00,66450.6,0.03884087,bid,okx,BTC-USDT,0
2026-03-29T20:19:14.872565+00:00,66450.5,0.02538854,bid,okx,BTC-USDT,0
2026-03-29T20:19:14.872565+00:00,66450.3,0.1652895,bid,okx,BTC-USDT,0
2026-03-29T20:19:14.872565+00:00,66450.1,0.02358904,bid,okx,BTC-USDT,0
2026-03-29T20:19:14.872565+00:00,66450.0,0.00041385,bid,okx,BTC-USDT,0
2026-03-29T20:19:14.872565+00:00,66449.9,0.0243451,bid,okx,BTC-USDT,0
2026-03-29T20:19:14.872565+00:00,66449.8,0.02889392,bid,okx,BTC-USDT,0
2026-03-29T20:19:14.872565+00:00,66449.7,0.1,bid,okx,BTC-USDT,0
2026-03-29T20:19:14.872565+00:00,66449.3,0.10750244,bid,okx,BTC-USDT,0
2026-03-29T20:19:14.872565+00:00,66449.0,0.00295063,bid,okx,BTC-USDT,0
2026-03-29T20:19:14.872565+00:00,66448.7,0.20468491,bid,okx,BTC-USDT,0
2026-03-29T20:19:14.872565+00:00,66448.6,0.0235895,bid,okx,BTC-USDT,0
2026-03-29T20:19:14.872565+00:00,66448.4,0.37261804,bid,okx,BTC-USDT,0
2026-03-29T20:19:14.872565+00:00,66448.0,0.02358936,bid,okx,BTC-USDT,0
2026-03-29T20:19:14.872565+00:00,66447.9,0.0185698,bid,okx,BTC-USDT,0
2026-03-29T20:19:14.872565+00:00,66447.8,0.0479346,bid,okx,BTC-USDT,0
2026-03-29T20:19:14.872565+00:00,66447.4,0.00750216,bid,okx,BTC-USDT,0
2026-03-29T20:19:14.872565+00:00,66446.5,0.00017,bid,okx,BTC-USDT,0
2026-03-29T20:19:14.872565+00:00,66446.3,0.02358904,bid,okx,BTC-USDT,0
2026-03-29T20:19:14.872565+00:00,66446.2,0.02358904,bid,okx,BTC-USDT,0
2026-03-29T20:19:14.872565+00:00,66445.9,0.047179,bid,okx,BTC-USDT,0
2026-03-29T20:19:14.872565+00:00,66445.8,0.07227956,bid,okx,BTC-USDT,0
2026-03-29T20:19:14.872565+00:00,66445.7,0.1,bid,okx,BTC-USDT,0
2026-03-29T20:19:14.872565+00:00,66445.0,0.0243451,bid,okx,BTC-USDT,0
2026-03-29T20:19:14.872565+00:00,66444.9,0.0022,bid,okx,BTC-USDT,0
2026-03-29T20:19:14.872565+00:00,66444.8,0.15884383,bid,okx,BTC-USDT,0
2026-03-29T20:19:14.872565+00:00,66443.8,0.1243451,bid,okx,BTC-USDT,0
2026-03-29T20:19:14.872565+00:00,66443.0,1.517e-05,bid,okx,BTC-USDT,0
2026-03-29T20:19:14.872565+00:00,66442.6,0.0243451,bid,okx,BTC-USDT,0
2026-03-29T20:19:14.872565+00:00,66442.3,0.01374129,bid,okx,BTC-USDT,0
2026-03-29T20:19:14.872565+00:00,66442.2,0.1,bid,okx,BTC-USDT,0
2026-03-29T20:19:14.872565+00:00,66442.0,0.0022,bid,okx,BTC-USDT,0
2026-03-29T20:19:14.872565+00:00,66441.2,0.00750272,bid,okx,BTC-USDT,0
2026-03-29T20:19:14.872565+00:00,66440.5,0.0243451,bid,okx,BTC-USDT,0
2026-03-29T20:19:14.872565+00:00,66440.4,0.007503,bid,okx,BTC-USDT,0
2026-03-29T20:19:14.872565+00:00,66440.0,0.00046162,bid,okx,BTC-USDT,0
2026-03-29T20:19:14.872565+00:00,66439.6,0.1417,bid,okx,BTC-USDT,0
2026-03-29T20:19:14.872565+00:00,66439.2,0.0243451,bid,okx,BTC-USDT,0
2026-03-29T20:19:14.872565+00:00,66439.1,0.18033981,bid,okx,BTC-USDT,0
2026-03-29T20:19:14.872565+00:00,66438.4,0.00011,bid,okx,BTC-USDT,0
2026-03-29T20:19:14.872565+00:00,66436.8,0.13525486,bid,okx,BTC-USDT,0
2026-03-29T20:19:14.872565+00:00,66436.6,0.0243451,bid,okx,BTC-USDT,0
2026-03-29T20:19:14.872565+00:00,66436.5,0.0243451,bid,okx,BTC-USDT,0
2026-03-29T20:19:14.872565+00:00,66435.9,0.01855479,bid,okx,BTC-USDT,0
2026-03-29T20:19:14.872565+00:00,66435.6,1.517e-05,bid,okx,BTC-USDT,0
2026-03-29T20:19:14.872565+00:00,66434.9,0.00012543,bid,okx,BTC-USDT,0
2026-03-29T20:19:14.872565+00:00,66434.2,0.00285748,bid,okx,BTC-USDT,0
2026-03-29T20:19:14.872565+00:00,66432.5,0.18042495,bid,okx,BTC-USDT,0
2026-03-29T20:19:14.872565+00:00,66431.8,0.1417,bid,okx,BTC-USDT,0
2026-03-29T20:19:14.872565+00:00,66430.9,0.02352863,bid,okx,BTC-USDT,0
2026-03-29T20:19:14.872565+00:00,66430.3,0.00019,bid,okx,BTC-USDT,0
2026-03-29T20:19:14.872565+00:00,66429.7,0.3,bid,okx,BTC-USDT,0
2026-03-29T20:19:14.872565+00:00,66429.4,1.5e-05,bid,okx,BTC-USDT,0
2026-03-29T20:19:14.872565+00:00,66429.2,0.08220341,bid,okx,BTC-USDT,0
2026-03-29T20:19:14.872565+00:00,66428.8,0.13525486,bid,okx,BTC-USDT,0
2026-03-29T20:19:14.872565+00:00,66428.4,3.72,bid,okx,BTC-USDT,0
2026-03-29T20:19:14.872565+00:00,66427.4,0.014,bid,okx,BTC-USDT,0
2026-03-29T20:19:14.872565+00:00,66425.2,0.00035224,bid,okx,BTC-USDT,0
2026-03-29T20:19:14.872565+00:00,66425.1,0.1417,bid,okx,BTC-USDT,0
2026-03-29T20:19:14.872565+00:00,66424.7,1.517e-05,bid,okx,BTC-USDT,0
2026-03-29T20:19:14.872565+00:00,66424.2,0.18042495,bid,okx,BTC-USDT,0
2026-03-29T20:19:14.872565+00:00,66423.4,0.54448932,bid,okx,BTC-USDT,0
2026-03-29T20:19:14.872565+00:00,66423.3,0.11291,bid,okx,BTC-USDT,0
2026-03-29T20:19:14.872565+00:00,66422.2,0.00021,bid,okx,BTC-USDT,0
2026-03-29T20:19:14.872565+00:00,66421.9,0.07421916,bid,okx,BTC-USDT,0
2026-03-29T20:19:14.872565+00:00,66421.8,0.0022,bid,okx,BTC-USDT,0
2026-03-29T20:19:14.872565+00:00,66421.7,0.2,bid,okx,BTC-USDT,0
2026-03-29T20:19:14.872565+00:00,66576.0,0.74879887,ask,okx,BTC-USDT,0
2026-03-29T20:19:14.872565+00:00,66576.9,0.02943727,ask,okx,BTC-USDT,0
2026-03-29T20:19:14.872565+00:00,66577.0,0.0415,ask,okx,BTC-USDT,0
2026-03-29T20:19:14.872565+00:00,66577.1,0.01551113,ask,okx,BTC-USDT,0
2026-03-29T20:19:14.872565+00:00,66578.0,0.0415,ask,okx,BTC-USDT,0
2026-03-29T20:19:14.872565+00:00,66578.1,0.00300564,ask,okx,BTC-USDT,0
2026-03-29T20:19:14.872565+00:00,66578.2,1.514e-05,ask,okx,BTC-USDT,0
2026-03-29T20:19:14.872565+00:00,66579.4,1.5e-05,ask,okx,BTC-USDT,0
2026-03-29T20:19:14.872565+00:00,66580.2,7.606e-05,ask,okx,BTC-USDT,0
2026-03-29T20:19:14.872565+00:00,66581.3,0.00751534,ask,okx,BTC-USDT,0
2026-03-29T20:19:14.872565+00:00,66581.4,0.1803184,ask,okx,BTC-USDT,0
2026-03-29T20:19:14.872565+00:00,66581.5,0.2,ask,okx,BTC-USDT,0
2026-03-29T20:19:14.872565+00:00,66581.6,0.3188595,ask,okx,BTC-USDT,0
2026-03-29T20:19:14.872565+00:00,66581.9,1.514e-05,ask,okx,BTC-USDT,0
2026-03-29T20:19:14.872565+00:00,66582.1,1.00092867,ask,okx,BTC-USDT,0
2026-03-29T20:19:14.872565+00:00,66582.2,0.0015,ask,okx,BTC-USDT,0
2026-03-29T20:19:14.872565+00:00,66582.8,0.00015065,ask,okx,BTC-USDT,0
2026-03-29T20:19:14.872565+00:00,66583.1,0.0022,ask,okx,BTC-USDT,0
2026-03-29T20:19:14.872565+00:00,66585.5,1.514e-05,ask,okx,BTC-USDT,0
2026-03-29T20:19:14.872565+00:00,66586.1,0.09153277,ask,okx,BTC-USDT,0
2026-03-29T20:19:14.872565+00:00,66586.5,0.00090764,ask,okx,BTC-USDT,0
2026-03-29T20:19:14.872565+00:00,66586.6,0.00215189,ask,okx,BTC-USDT,0
2026-03-29T20:19:14.872565+00:00,66586.7,0.00751617,ask,okx,BTC-USDT,0
2026-03-29T20:19:14.872565+00:00,66586.8,0.1417,ask,okx,BTC-USDT,0
2026-03-29T20:19:14.872565+00:00,66587.2,0.1803184,ask,okx,BTC-USDT,0
2026-03-29T20:19:14.872565+00:00,66587.3,0.00754101,ask,okx,BTC-USDT,0
2026-03-29T20:19:14.872565+00:00,66587.4,0.14063352,ask,okx,BTC-USDT,0
2026-03-29T20:19:14.872565+00:00,66587.5,0.00229442,ask,okx,BTC-USDT,0
2026-03-29T20:19:14.872565+00:00,66587.8,8.02e-05,ask,okx,BTC-USDT,0
2026-03-29T20:19:14.872565+00:00,66587.9,0.00061003,ask,okx,BTC-USDT,0
2026-03-29T20:19:14.872565+00:00,66588.0,1.062e-05,ask,okx,BTC-USDT,0
2026-03-29T20:19:14.872565+00:00,66588.3,4.947e-05,ask,okx,BTC-USDT,0
2026-03-29T20:19:14.872565+00:00,66588.6,1.244e-05,ask,okx,BTC-USDT,0
2026-03-29T20:19:14.872565+00:00,66588.9,0.30116116,ask,okx,BTC-USDT,0
2026-03-29T20:19:14.872565+00:00,66589.0,0.18033981,ask,okx,BTC-USDT,0
2026-03-29T20:19:14.872565+00:00,66589.1,1.92e-05,ask,okx,BTC-USDT,0
2026-03-29T20:19:14.872565+00:00,66589.2,0.00048017,ask,okx,BTC-USDT,0
2026-03-29T20:19:14.872565+00:00,66589.3,1.614e-05,ask,okx,BTC-USDT,0
2026-03-29T20:19:14.872565+00:00,66589.4,0.00046412,ask,okx,BTC-USDT,0
2026-03-29T20:19:14.872565+00:00,66589.5,3.274e-05,ask,okx,BTC-USDT,0
2026-03-29T20:19:14.872565+00:00,66589.7,4.132e-05,ask,okx,BTC-USDT,0
2026-03-29T20:19:14.872565+00:00,66589.9,0.1803184,ask,okx,BTC-USDT,0
2026-03-29T20:19:14.872565+00:00,66590.5,1.05e-05,ask,okx,BTC-USDT,0
2026-03-29T20:19:14.872565+00:00,66590.6,0.001513,ask,okx,BTC-USDT,0
2026-03-29T20:19:14.872565+00:00,66590.7,0.00038208,ask,okx,BTC-USDT,0
2026-03-29T20:19:14.872565+00:00,66590.9,0.01078292,ask,okx,BTC-USDT,0
2026-03-29T20:19:14.872565+00:00,66591.2,0.05538377,ask,okx,BTC-USDT,0
2026-03-29T20:19:14.872565+00:00,66591.3,0.15802267,ask,okx,BTC-USDT,0
2026-03-29T20:19:14.872565+00:00,66591.5,0.00628591,ask,okx,BTC-USDT,0
2026-03-29T20:19:14.872565+00:00,66591.6,1.285e-05,ask,okx,BTC-USDT,0
2026-03-29T20:19:14.872565+00:00,66591.8,0.07549182,ask,okx,BTC-USDT,0
2026-03-29T20:19:14.872565+00:00,66592.0,0.0110616,ask,okx,BTC-USDT,0
2026-03-29T20:19:14.872565+00:00,66592.1,0.00109428,ask,okx,BTC-USDT,0
2026-03-29T20:19:14.872565+00:00,66592.4,0.00046429,ask,okx,BTC-USDT,0
2026-03-29T20:19:14.872565+00:00,66592.8,1.5e-05,ask,okx,BTC-USDT,0
2026-03-29T20:19:14.872565+00:00,66592.9,1.514e-05,ask,okx,BTC-USDT,0
2026-03-29T20:19:14.872565+00:00,66593.5,4.905e-05,ask,okx,BTC-USDT,0
2026-03-29T20:19:14.872565+00:00,66593.8,5.804e-05,ask,okx,BTC-USDT,0
2026-03-29T20:19:14.872565+00:00,66594.4,0.18033981,ask,okx,BTC-USDT,0
2026-03-29T20:19:14.872565+00:00,66594.5,0.00023287,ask,okx,BTC-USDT,0
2026-03-29T20:19:14.872565+00:00,66594.6,0.0840412,ask,okx,BTC-USDT,0
2026-03-29T20:19:14.872565+00:00,66594.7,0.1417,ask,okx,BTC-USDT,0
2026-03-29T20:19:14.872565+00:00,66594.8,0.02187956,ask,okx,BTC-USDT,0
2026-03-29T20:19:14.872565+00:00,66594.9,3.381e-05,ask,okx,BTC-USDT,0
2026-03-29T20:19:14.872565+00:00,66595.5,0.1803184,ask,okx,BTC-USDT,0
2026-03-29T20:19:14.872565+00:00,66595.6,0.00092411,ask,okx,BTC-USDT,0
2026-03-29T20:19:14.872565+00:00,66595.7,0.00653658,ask,okx,BTC-USDT,0
2026-03-29T20:19:14.872565+00:00,66595.9,0.00015324,ask,okx,BTC-USDT,0
2026-03-29T20:19:14.872565+00:00,66596.0,0.000146,ask,okx,BTC-USDT,0
2026-03-29T20:19:14.872565+00:00,66596.1,4.474e-05,ask,okx,BTC-USDT,0
2026-03-29T20:19:14.872565+00:00,66596.5,1.514e-05,ask,okx,BTC-USDT,0
2026-03-29T20:19:14.872565+00:00,66596.7,2e-05,ask,okx,BTC-USDT,0
2026-03-29T20:19:14.872565+00:00,66596.9,0.00033204,ask,okx,BTC-USDT,0
2026-03-29T20:19:14.872565+00:00,66597.0,9.532e-05,ask,okx,BTC-USDT,0
2026-03-29T20:19:14.872565+00:00,66597.2,0.00034141,ask,okx,BTC-USDT,0
2026-03-29T20:19:14.872565+00:00,66597.5,1.01e-05,ask,okx,BTC-USDT,0
2026-03-29T20:19:14.872565+00:00,66597.9,4.188e-05,ask,okx,BTC-USDT,0
2026-03-29T20:19:14.872565+00:00,66598.1,0.00298855,ask,okx,BTC-USDT,0
2026-03-29T20:19:14.872565+00:00,66598.5,0.00763535,ask,okx,BTC-USDT,0
2026-03-29T20:19:14.872565+00:00,66598.7,4.621e-05,ask,okx,BTC-USDT,0
2026-03-29T20:19:14.872565+00:00,66599.1,1.827e-05,ask,okx,BTC-USDT,0
2026-03-29T20:19:14.872565+00:00,66599.5,1.5e-05,ask,okx,BTC-USDT,0
2026-03-29T20:19:14.872565+00:00,66599.8,0.18033981,ask,okx,BTC-USDT,0
2026-03-29T20:19:14.872565+00:00,66599.9,0.18090463,ask,okx,BTC-USDT,0
2026-03-29T20:19:14.872565+00:00,66600.0,0.30398742,ask,okx,BTC-USDT,0
2026-03-29T20:19:14.872565+00:00,66600.1,1.056e-05,ask,okx,BTC-USDT,0
2026-03-29T20:19:14.872565+00:00,66600.2,1.514e-05,ask,okx,BTC-USDT,0
2026-03-29T20:19:14.872565+00:00,66600.3,1.566e-05,ask,okx,BTC-USDT,0
2026-03-29T20:19:14.872565+00:00,66600.4,0.00019222,ask,okx,BTC-USDT,0
2026-03-29T20:19:14.872565+00:00,66600.6,0.01855479,ask,okx,BTC-USDT,0
2026-03-29T20:19:14.872565+00:00,66600.7,0.00100381,ask,okx,BTC-USDT,0
2026-03-29T20:19:14.872565+00:00,66600.9,2.603e-05,ask,okx,BTC-USDT,0
2026-03-29T20:19:14.872565+00:00,66601.0,1.364e-05,ask,okx,BTC-USDT,0
2026-03-29T20:19:14.872565+00:00,66601.4,0.1417,ask,okx,BTC-USDT,0
2026-03-29T20:19:14.872565+00:00,66602.4,2.025e-05,ask,okx,BTC-USDT,0
2026-03-29T20:19:14.872565+00:00,66602.5,0.00014806,ask,okx,BTC-USDT,0
2026-03-29T20:19:14.872565+00:00,66602.7,0.18033648,ask,okx,BTC-USDT,0
2026-03-29T20:19:14.872565+00:00,66602.9,0.00034629,ask,okx,BTC-USDT,0
2026-03-29T20:19:14.872565+00:00,66603.0,0.17781,ask,okx,BTC-USDT,0
2026-03-29T20:19:14.872565+00:00,66604.2,0.00021193,ask,okx,BTC-USDT,0
2026-03-29T20:19:14.872565+00:00,66604.3,0.00063439,ask,okx,BTC-USDT,0
2026-03-29T20:19:14.872565+00:00,66605.0,0.01326182,ask,okx,BTC-USDT,0
2026-03-29T20:19:14.872565+00:00,66605.2,0.00028589,ask,okx,BTC-USDT,0
2026-03-29T20:19:14.872565+00:00,66605.6,1.055e-05,ask,okx,BTC-USDT,0
2026-03-29T20:19:14.872565+00:00,66605.9,2.119e-05,ask,okx,BTC-USDT,0
2026-03-29T20:19:14.872565+00:00,66606.1,1.151e-05,ask,okx,BTC-USDT,0
2026-03-29T20:19:14.872565+00:00,66606.2,1.5e-05,ask,okx,BTC-USDT,0
2026-03-29T20:19:14.872565+00:00,66606.3,2.113e-05,ask,okx,BTC-USDT,0
2026-03-29T20:19:14.872565+00:00,66606.4,0.00026808,ask,okx,BTC-USDT,0
2026-03-29T20:19:14.872565+00:00,66606.8,0.0066,ask,okx,BTC-USDT,0
2026-03-29T20:19:14.872565+00:00,66606.9,0.0001003,ask,okx,BTC-USDT,0
2026-03-29T20:19:14.872565+00:00,66607.0,0.24040015,ask,okx,BTC-USDT,0
2026-03-29T20:19:14.872565+00:00,66607.1,0.00045011,ask,okx,BTC-USDT,0
2026-03-29T20:19:14.872565+00:00,66607.2,0.00017327,ask,okx,BTC-USDT,0
2026-03-29T20:19:14.872565+00:00,66607.5,0.1289993,ask,okx,BTC-USDT,0
2026-03-29T20:19:14.872565+00:00,66607.7,0.03047105,ask,okx,BTC-USDT,0
2026-03-29T20:19:14.872565+00:00,66607.8,2.041e-05,ask,okx,BTC-USDT,0
2026-03-29T20:19:14.872565+00:00,66607.9,0.12303664,ask,okx,BTC-USDT,0
2026-03-29T20:19:14.872565+00:00,66608.1,0.1417,ask,okx,BTC-USDT,0
2026-03-29T20:19:14.872565+00:00,66608.6,0.00012538,ask,okx,BTC-USDT,0
2026-03-29T20:19:14.872565+00:00,66608.7,0.00110625,ask,okx,BTC-USDT,0
2026-03-29T20:19:14.872565+00:00,66609.0,1.239e-05,ask,okx,BTC-USDT,0
2026-03-29T20:19:14.872565+00:00,66609.3,0.18039261,ask,okx,BTC-USDT,0
2026-03-29T20:19:14.872565+00:00,66609.4,0.02614323,ask,okx,BTC-USDT,0
2026-03-29T20:19:14.872565+00:00,66609.6,0.00237673,ask,okx,BTC-USDT,0
2026-03-29T20:19:14.872565+00:00,66609.7,7.251e-05,ask,okx,BTC-USDT,0
2026-03-29T20:19:14.872565+00:00,66610.0,5.046e-05,ask,okx,BTC-USDT,0
2026-03-29T20:19:14.872565+00:00,66610.1,0.00126573,ask,okx,BTC-USDT,0
2026-03-29T20:19:14.872565+00:00,66610.3,0.01423215,ask,okx,BTC-USDT,0
2026-03-29T20:19:14.872565+00:00,66610.5,0.02781201,ask,okx,BTC-USDT,0
2026-03-29T20:19:14.872565+00:00,66610.6,0.06681288,ask,okx,BTC-USDT,0
2026-03-29T20:19:14.872565+00:00,66610.7,0.0001,ask,okx,BTC-USDT,0
2026-03-29T20:19:14.872565+00:00,66610.8,0.12452368,ask,okx,BTC-USDT,0
2026-03-29T20:19:14.872565+00:00,66610.9,0.18034239,ask,okx,BTC-USDT,0
2026-03-29T20:19:14.872565+00:00,66611.0,0.00061295,ask,okx,BTC-USDT,0
2026-03-29T20:19:14.872565+00:00,66611.1,2.889e-05,ask,okx,BTC-USDT,0
2026-03-29T20:19:14.872565+00:00,66611.2,1.514e-05,ask,okx,BTC-USDT,0
2026-03-29T20:19:14.872565+00:00,66611.3,2.258e-05,ask,okx,BTC-USDT,0
2026-03-29T20:19:14.872565+00:00,66611.6,0.00261126,ask,okx,BTC-USDT,0
2026-03-29T20:19:14.872565+00:00,66612.0,1.034e-05,ask,okx,BTC-USDT,0
2026-03-29T20:19:14.872565+00:00,66612.5,0.00015832,ask,okx,BTC-USDT,0
2026-03-29T20:19:14.872565+00:00,66612.8,0.00600484,ask,okx,BTC-USDT,0
2026-03-29T20:19:14.872565+00:00,66612.9,2.631e-05,ask,okx,BTC-USDT,0
2026-03-29T20:19:14.872565+00:00,66613.0,8.219e-05,ask,okx,BTC-USDT,0
2026-03-29T20:19:14.872565+00:00,66613.1,0.18351949,ask,okx,BTC-USDT,0
2026-03-29T20:19:14.872565+00:00,66613.4,0.01458902,ask,okx,BTC-USDT,0
2026-03-29T20:19:14.872565+00:00,66613.5,0.00663,ask,okx,BTC-USDT,0
2026-03-29T20:19:14.872565+00:00,66613.6,3.302e-05,ask,okx,BTC-USDT,0
2026-03-29T20:19:14.872565+00:00,66613.7,0.01214982,ask,okx,BTC-USDT,0
2026-03-29T20:19:14.872565+00:00,66613.8,0.00490435,ask,okx,BTC-USDT,0
2026-03-29T20:19:14.872565+00:00,66614.0,1.525e-05,ask,okx,BTC-USDT,0
2026-03-29T20:19:14.872565+00:00,66614.2,0.00763398,ask,okx,BTC-USDT,0
2026-03-29T20:19:14.872565+00:00,66614.4,2.831e-05,ask,okx,BTC-USDT,0
2026-03-29T20:19:14.872565+00:00,66614.5,0.16702832,ask,okx,BTC-USDT,0
2026-03-29T20:19:14.872565+00:00,66614.7,0.18033981,ask,okx,BTC-USDT,0
2026-03-29T20:19:14.872565+00:00,66614.8,0.14171514,ask,okx,BTC-USDT,0
2026-03-29T20:19:14.872565+00:00,66615.0,1e-05,ask,okx,BTC-USDT,0
2026-03-29T20:19:14.872565+00:00,66615.1,0.00083275,ask,okx,BTC-USDT,0
2026-03-29T20:19:14.872565+00:00,66615.3,0.0018231,ask,okx,BTC-USDT,0
2026-03-29T20:19:14.872565+00:00,66615.5,8.485e-05,ask,okx,BTC-USDT,0
2026-03-29T20:19:14.872565+00:00,66615.6,0.07066,ask,okx,BTC-USDT,0
2026-03-29T20:19:14.872565+00:00,66615.8,0.1803184,ask,okx,BTC-USDT,0
2026-03-29T20:19:14.872565+00:00,66615.9,2.011e-05,ask,okx,BTC-USDT,0
2026-03-29T20:19:14.872565+00:00,66616.0,0.09392142,ask,okx,BTC-USDT,0
2026-03-29T20:19:14.872565+00:00,66616.1,0.00029124,ask,okx,BTC-USDT,0
2026-03-29T20:19:14.872565+00:00,66616.5,1.919e-05,ask,okx,BTC-USDT,0
2026-03-29T20:19:14.872565+00:00,66616.6,1.005e-05,ask,okx,BTC-USDT,0
2026-03-29T20:19:14.872565+00:00,66617.2,0.00063388,ask,okx,BTC-USDT,0
2026-03-29T20:19:14.872565+00:00,66617.3,1.058e-05,ask,okx,BTC-USDT,0
2026-03-29T20:19:14.872565+00:00,66617.6,0.0009514,ask,okx,BTC-USDT,0
2026-03-29T20:19:14.872565+00:00,66618.2,0.00016983,ask,okx,BTC-USDT,0
2026-03-29T20:19:14.872565+00:00,66618.3,8.527e-05,ask,okx,BTC-USDT,0
2026-03-29T20:19:14.872565+00:00,66618.5,1.514e-05,ask,okx,BTC-USDT,0
2026-03-29T20:19:14.872565+00:00,66618.7,0.00286616,ask,okx,BTC-USDT,0
2026-03-29T20:19:14.872565+00:00,66619.2,4.418e-05,ask,okx,BTC-USDT,0
2026-03-29T20:19:14.872565+00:00,66619.4,9.741e-05,ask,okx,BTC-USDT,0
2026-03-29T20:19:14.872565+00:00,66619.6,1.5e-05,ask,okx,BTC-USDT,0
2026-03-29T20:19:14.872565+00:00,66619.7,3.656e-05,ask,okx,BTC-USDT,0
2026-03-29T20:19:14.872565+00:00,66619.9,1.123e-05,ask,okx,BTC-USDT,0
2026-03-29T20:19:14.872565+00:00,66620.0,0.00112317,ask,okx,BTC-USDT,0
2026-03-29T20:19:14.872565+00:00,66620.1,2.173e-05,ask,okx,BTC-USDT,0
2026-03-29T20:19:14.872565+00:00,66620.2,3.655e-05,ask,okx,BTC-USDT,0
2026-03-29T20:19:14.872565+00:00,66620.3,1.053e-05,ask,okx,BTC-USDT,0
2026-03-29T20:19:14.872565+00:00,66620.4,0.1803184,ask,okx,BTC-USDT,0
2026-03-29T20:19:14.872565+00:00,66620.5,0.05767879,ask,okx,BTC-USDT,0
2026-03-29T20:19:14.872565+00:00,66620.6,0.00055802,ask,okx,BTC-USDT,0
2026-03-29T20:19:14.872565+00:00,66620.9,5.549e-05,ask,okx,BTC-USDT,0
2026-03-29T20:19:14.872565+00:00,66621.2,7.763e-05,ask,okx,BTC-USDT,0
2026-03-29T20:19:14.872565+00:00,66621.4,0.70007064,ask,okx,BTC-USDT,0
2026-03-29T20:19:14.872565+00:00,66621.5,0.14198211,ask,okx,BTC-USDT,0
2026-03-29T20:19:14.872565+00:00,66621.6,0.0151551,ask,okx,BTC-USDT,0
2026-03-29T20:19:14.872565+00:00,66621.7,1.007e-05,ask,okx,BTC-USDT,0
2026-03-29T20:19:14.872565+00:00,66622.0,1.006e-05,ask,okx,BTC-USDT,0
2026-03-29T20:19:14.872565+00:00,66622.2,1.583e-05,ask,okx,BTC-USDT,0
2026-03-29T20:19:14.872565+00:00,66622.4,1.097e-05,ask,okx,BTC-USDT,0
2026-03-29T20:19:14.872565+00:00,66622.5,0.00189718,ask,okx,BTC-USDT,0
2026-03-29T20:19:14.872565+00:00,66622.7,0.01326182,ask,okx,BTC-USDT,0
2026-03-29T20:19:14.872565+00:00,66623.1,8.25e-05,ask,okx,BTC-USDT,0
2026-03-29T20:19:14.872565+00:00,66623.4,7e-05,ask,okx,BTC-USDT,0
2026-03-29T20:19:14.872565+00:00,66623.5,2.924e-05,ask,okx,BTC-USDT,0
2026-03-29T20:19:14.872565+00:00,66623.6,8.818e-05,ask,okx,BTC-USDT,0
2026-03-29T20:19:14.872565+00:00,66623.7,0.01855479,ask,okx,BTC-USDT,0
2026-03-29T20:19:14.872565+00:00,66623.8,0.01202152,ask,okx,BTC-USDT,0
2026-03-29T20:19:14.872565+00:00,66623.9,0.00012889,ask,okx,BTC-USDT,0
2026-03-29T20:19:14.872565+00:00,66624.0,0.05852904,ask,okx,BTC-USDT,0
2026-03-29T20:19:14.872565+00:00,66624.1,0.18033981,ask,okx,BTC-USDT,0
2026-03-29T20:19:14.872565+00:00,66624.3,2.222e-05,ask,okx,BTC-USDT,0
2026-03-29T20:19:14.872565+00:00,66624.7,1.001e-05,ask,okx,BTC-USDT,0
2026-03-29T20:19:14.872565+00:00,66624.8,1.067e-05,ask,okx,BTC-USDT,0
2026-03-29T20:19:14.872565+00:00,66624.9,0.00175035,ask,okx,BTC-USDT,0
2026-03-29T20:19:14.872565+00:00,66625.0,0.00013193,ask,okx,BTC-USDT,0
2026-03-29T20:19:14.872565+00:00,66625.1,0.00020723,ask,okx,BTC-USDT,0
2026-03-29T20:19:14.872565+00:00,66625.2,0.00051198,ask,okx,BTC-USDT,0
2026-03-29T20:19:14.872565+00:00,66625.8,1.514e-05,ask,okx,BTC-USDT,0
2026-03-29T20:19:14.872565+00:00,66626.3,1.5e-05,ask,okx,BTC-USDT,0
2026-03-29T20:19:14.872565+00:00,66626.4,0.00124624,ask,okx,BTC-USDT,0
2026-03-29T20:19:14.872565+00:00,66626.7,0.00019598,ask,okx,BTC-USDT,0
2026-03-29T20:19:14.872565+00:00,66626.8,1.702e-05,ask,okx,BTC-USDT,0
2026-03-29T20:19:14.872565+00:00,66626.9,2.228e-05,ask,okx,BTC-USDT,0
2026-03-29T20:19:14.872565+00:00,66627.1,0.00010948,ask,okx,BTC-USDT,0
2026-03-29T20:19:14.872565+00:00,66627.3,0.00079633,ask,okx,BTC-USDT,0
2026-03-29T20:19:14.872565+00:00,66627.5,0.16468792,ask,okx,BTC-USDT,0
2026-03-29T20:19:14.872565+00:00,66627.8,0.08696,ask,okx,BTC-USDT,0
2026-03-29T20:19:14.872565+00:00,66627.9,0.13527137,ask,okx,BTC-USDT,0
2026-03-29T20:19:14.872565+00:00,66628.0,1.845e-05,ask,okx,BTC-USDT,0
2026-03-29T20:19:14.872565+00:00,66628.1,0.00023834,ask,okx,BTC-USDT,0
2026-03-29T20:19:14.872565+00:00,66628.2,0.1417,ask,okx,BTC-USDT,0
2026-03-29T20:19:14.872565+00:00,66628.3,0.00442089,ask,okx,BTC-USDT,0
2026-03-29T20:19:14.872565+00:00,66629.0,0.00076195,ask,okx,BTC-USDT,0
2026-03-29T20:19:14.872565+00:00,66629.2,0.00044998,ask,okx,BTC-USDT,0
2026-03-29T20:19:14.872565+00:00,66629.3,0.00112712,ask,okx,BTC-USDT,0
2026-03-29T20:19:14.872565+00:00,66629.4,1.14e-05,ask,okx,BTC-USDT,0
2026-03-29T20:19:14.872565+00:00,66629.5,1.514e-05,ask,okx,BTC-USDT,0
2026-03-29T20:19:14.872565+00:00,66629.6,4.045e-05,ask,okx,BTC-USDT,0
2026-03-29T20:19:14.872565+00:00,66629.9,1.158e-05,ask,okx,BTC-USDT,0
2026-03-29T20:19:14.872565+00:00,66630.0,0.00021266,ask,okx,BTC-USDT,0
2026-03-29T20:19:14.872565+00:00,66630.1,0.18033981,ask,okx,BTC-USDT,0
2026-03-29T20:19:14.872565+00:00,66630.2,3.432e-05,ask,okx,BTC-USDT,0
2026-03-29T20:19:14.872565+00:00,66630.4,0.00048868,ask,okx,BTC-USDT,0
2026-03-29T20:19:14.872565+00:00,66630.5,0.05654866,ask,okx,BTC-USDT,0
2026-03-29T20:19:14.872565+00:00,66630.7,0.00053763,ask,okx,BTC-USDT,0
2026-03-29T20:19:14.872565+00:00,66631.0,3.996e-05,ask,okx,BTC-USDT,0
2026-03-29T20:19:14.872565+00:00,66631.5,0.00010666,ask,okx,BTC-USDT,0
2026-03-29T20:19:14.872565+00:00,66631.7,4.295e-05,ask,okx,BTC-USDT,0
2026-03-29T20:19:14.872565+00:00,66632.0,1.227e-05,ask,okx,BTC-USDT,0
2026-03-29T20:19:14.872565+00:00,66632.2,0.00010151,ask,okx,BTC-USDT,0
2026-03-29T20:19:14.872565+00:00,66632.4,0.00068473,ask,okx,BTC-USDT,0
2026-03-29T20:19:14.872565+00:00,66632.6,0.00017308,ask,okx,BTC-USDT,0
2026-03-29T20:19:14.872565+00:00,66632.7,0.00496885,ask,okx,BTC-USDT,0
2026-03-29T20:19:14.872565+00:00,66632.9,7.227e-05,ask,okx,BTC-USDT,0
2026-03-29T20:19:14.872565+00:00,66633.0,4.714e-05,ask,okx,BTC-USDT,0
2026-03-29T20:19:14.872565+00:00,66633.1,0.00149053,ask,okx,BTC-USDT,0
2026-03-29T20:19:14.872565+00:00,66633.2,4.087e-05,ask,okx,BTC-USDT,0
2026-03-29T20:19:14.872565+00:00,66633.3,0.00447161,ask,okx,BTC-USDT,0
2026-03-29T20:19:14.872565+00:00,66633.4,0.13965486,ask,okx,BTC-USDT,0
2026-03-29T20:19:14.872565+00:00,66633.6,0.07432618,ask,okx,BTC-USDT,0
2026-03-29T20:19:14.872565+00:00,66633.7,0.06682953,ask,okx,BTC-USDT,0
2026-03-29T20:19:14.872565+00:00,66634.2,1.007e-05,ask,okx,BTC-USDT,0
2026-03-29T20:19:14.872565+00:00,66634.6,6.027e-05,ask,okx,BTC-USDT,0
2026-03-29T20:19:14.872565+00:00,66634.9,0.14171198,ask,okx,BTC-USDT,0
2026-03-29T20:19:14.872565+00:00,66635.0,4.368e-05,ask,okx,BTC-USDT,0
2026-03-29T20:19:14.872565+00:00,66635.2,0.00399055,ask,okx,BTC-USDT,0
2026-03-29T20:19:14.872565+00:00,66635.3,4.714e-05,ask,okx,BTC-USDT,0
2026-03-29T20:19:14.872565+00:00,66635.5,0.01531741,ask,okx,BTC-USDT,0
2026-03-29T20:19:14.872565+00:00,66635.8,0.0164,ask,okx,BTC-USDT,0
2026-03-29T20:19:14.872565+00:00,66636.1,0.00044537,ask,okx,BTC-USDT,0
2026-03-29T20:19:14.872565+00:00,66636.2,0.00103129,ask,okx,BTC-USDT,0
2026-03-29T20:19:14.872565+00:00,66636.3,0.00190082,ask,okx,BTC-USDT,0
2026-03-29T20:19:14.872565+00:00,66636.7,0.00134872,ask,okx,BTC-USDT,0
2026-03-29T20:19:14.872565+00:00,66636.8,0.00085995,ask,okx,BTC-USDT,0
2026-03-29T20:19:14.872565+00:00,66636.9,0.00031631,ask,okx,BTC-USDT,0
2026-03-29T20:19:14.872565+00:00,66637.1,0.01508277,ask,okx,BTC-USDT,0
2026-03-29T20:19:14.872565+00:00,66637.2,0.22968867,ask,okx,BTC-USDT,0
2026-03-29T20:19:14.872565+00:00,66637.3,0.396871,ask,okx,BTC-USDT,0
2026-03-29T20:19:14.872565+00:00,66637.7,0.00090776,ask,okx,BTC-USDT,0
2026-03-29T20:19:14.872565+00:00,66638.0,0.1803184,ask,okx,BTC-USDT,0
2026-03-29T20:19:14.872565+00:00,66638.1,0.00034705,ask,okx,BTC-USDT,0
2026-03-29T20:19:14.872565+00:00,66638.2,0.21039761,ask,okx,BTC-USDT,0
2026-03-29T20:19:14.872565+00:00,66638.7,1.686e-05,ask,okx,BTC-USDT,0
2026-03-29T20:19:14.872565+00:00,66639.0,7.332e-05,ask,okx,BTC-USDT,0
2026-03-29T20:19:14.872565+00:00,66639.2,0.0001674,ask,okx,BTC-USDT,0
2026-03-29T20:19:14.872565+00:00,66639.4,1.197e-05,ask,okx,BTC-USDT,0
2026-03-29T20:19:14.872565+00:00,66639.5,1.065e-05,ask,okx,BTC-USDT,0
2026-03-29T20:19:14.872565+00:00,66639.6,8.442e-05,ask,okx,BTC-USDT,0
2026-03-29T20:19:14.872565+00:00,66639.7,1.501e-05,ask,okx,BTC-USDT,0
2026-03-29T20:19:14.872565+00:00,66639.8,4.586e-05,ask,okx,BTC-USDT,0
2026-03-29T20:19:14.872565+00:00,66640.0,0.00721694,ask,okx,BTC-USDT,0
2026-03-29T20:19:14.872565+00:00,66640.4,2.282e-05,ask,okx,BTC-USDT,0
2026-03-29T20:19:14.872565+00:00,66640.5,0.00301914,ask,okx,BTC-USDT,0
2026-03-29T20:19:14.872565+00:00,66640.6,4.236e-05,ask,okx,BTC-USDT,0
2026-03-29T20:19:14.872565+00:00,66640.9,0.13525486,ask,okx,BTC-USDT,0
2026-03-29T20:19:14.872565+00:00,66641.0,0.22991032,ask,okx,BTC-USDT,0
2026-03-29T20:19:14.872565+00:00,66641.1,0.22642472,ask,okx,BTC-USDT,0
2026-03-29T20:19:14.872565+00:00,66641.3,0.00010694,ask,okx,BTC-USDT,0
2026-03-29T20:19:14.872565+00:00,66641.4,2.29e-05,ask,okx,BTC-USDT,0
2026-03-29T20:19:14.872565+00:00,66641.6,0.1417,ask,okx,BTC-USDT,0
2026-03-29T20:19:14.872565+00:00,66641.7,2.19e-05,ask,okx,BTC-USDT,0
2026-03-29T20:19:14.872565+00:00,66641.8,5.375e-05,ask,okx,BTC-USDT,0
2026-03-29T20:19:14.872565+00:00,66641.9,0.00170171,ask,okx,BTC-USDT,0
2026-03-29T20:19:14.872565+00:00,66642.0,0.2823604,ask,okx,BTC-USDT,0
2026-03-29T20:19:14.872565+00:00,66642.1,0.00020917,ask,okx,BTC-USDT,0
2026-03-29T20:19:14.872565+00:00,66642.2,0.396872,ask,okx,BTC-USDT,0
2026-03-29T20:19:14.872565+00:00,66642.4,0.97911,ask,okx,BTC-USDT,0
2026-03-29T20:19:14.872565+00:00,66642.5,5.786e-05,ask,okx,BTC-USDT,0
2026-03-29T20:19:14.872565+00:00,66642.6,1.112e-05,ask,okx,BTC-USDT,0
2026-03-29T20:19:14.872565+00:00,66642.7,7.068e-05,ask,okx,BTC-USDT,0
2026-03-29T20:19:14.872565+00:00,66642.8,0.00216029,ask,okx,BTC-USDT,0
2026-03-29T20:19:14.872565+00:00,66643.1,1.316e-05,ask,okx,BTC-USDT,0
2026-03-29T20:19:14.872565+00:00,66643.3,7.547e-05,ask,okx,BTC-USDT,0
2026-03-29T20:19:14.872565+00:00,66643.6,0.18040281,ask,okx,BTC-USDT,0
2026-03-29T20:19:14.872565+00:00,66643.7,0.06679724,ask,okx,BTC-USDT,0
2026-03-29T20:19:14.872565+00:00,66643.8,1.308e-05,ask,okx,BTC-USDT,0
2026-03-29T20:19:14.872565+00:00,66643.9,0.01806445,ask,okx,BTC-USDT,0
2026-03-29T20:19:14.872565+00:00,66644.0,1.676e-05,ask,okx,BTC-USDT,0
2026-03-29T20:19:14.872565+00:00,66644.1,0.01092833,ask,okx,BTC-USDT,0
2026-03-29T20:19:14.872565+00:00,66644.4,1.021e-05,ask,okx,BTC-USDT,0
2026-03-29T20:19:14.872565+00:00,66644.6,0.00012167,ask,okx,BTC-USDT,0
2026-03-29T20:19:14.872565+00:00,66644.7,0.00053371,ask,okx,BTC-USDT,0
2026-03-29T20:19:14.872565+00:00,66645.0,2.604e-05,ask,okx,BTC-USDT,0
2026-03-29T20:19:14.872565+00:00,66645.1,4.968e-05,ask,okx,BTC-USDT,0
2026-03-29T20:19:14.872565+00:00,66645.2,0.00014282,ask,okx,BTC-USDT,0
2026-03-29T20:19:14.872565+00:00,66645.4,1.568e-05,ask,okx,BTC-USDT,0
2026-03-29T20:19:14.872565+00:00,66645.5,0.00461436,ask,okx,BTC-USDT,0
2026-03-29T20:19:14.872565+00:00,66645.6,1.409e-05,ask,okx,BTC-USDT,0
2026-03-29T20:19:14.872565+00:00,66645.7,0.0592017,ask,okx,BTC-USDT,0
2026-03-29T20:19:14.872565+00:00,66646.1,0.00016355,ask,okx,BTC-USDT,0
2026-03-29T20:19:14.872565+00:00,66646.2,0.12030381,ask,okx,BTC-USDT,0
2026-03-29T20:19:14.872565+00:00,66646.3,0.00013044,ask,okx,BTC-USDT,0
2026-03-29T20:19:14.872565+00:00,66646.4,2.604e-05,ask,okx,BTC-USDT,0
2026-03-29T20:19:14.872565+00:00,66646.7,0.00012335,ask,okx,BTC-USDT,0
2026-03-29T20:19:14.872565+00:00,66646.8,1.017e-05,ask,okx,BTC-USDT,0
2026-03-29T20:19:14.872565+00:00,66647.0,0.00012455,ask,okx,BTC-USDT,0
2026-03-29T20:19:14.872565+00:00,66647.3,0.00326775,ask,okx,BTC-USDT,0
2026-03-29T20:19:14.872565+00:00,66647.4,0.00156796,ask,okx,BTC-USDT,0
2026-03-29T20:19:14.872565+00:00,66647.6,0.18097066,ask,okx,BTC-USDT,0
2026-03-29T20:19:14.872565+00:00,66647.8,3.011e-05,ask,okx,BTC-USDT,0
2026-03-29T20:19:14.872565+00:00,66648.0,1.07e-05,ask,okx,BTC-USDT,0
2026-03-29T20:19:14.872565+00:00,66648.1,8.486e-05,ask,okx,BTC-USDT,0
2026-03-29T20:19:14.872565+00:00,66648.3,0.14172994,ask,okx,BTC-USDT,0
2026-03-29T20:19:14.872565+00:00,66648.5,0.54127968,ask,okx,BTC-USDT,0
2026-03-29T20:19:14.872565+00:00,66648.6,0.00012739,ask,okx,BTC-USDT,0
2026-03-29T20:19:14.872565+00:00,66648.8,0.97051902,ask,okx,BTC-USDT,0
2026-03-29T20:19:14.872565+00:00,66648.9,0.13525486,ask,okx,BTC-USDT,0
2026-03-29T20:19:14.872565+00:00,66649.3,0.54016481,ask,okx,BTC-USDT,0
2026-03-29T20:19:14.872565+00:00,66649.4,1.019e-05,ask,okx,BTC-USDT,0
2026-03-29T20:19:14.872565+00:00,66649.5,0.00018328,ask,okx,BTC-USDT,0
2026-03-29T20:19:14.872565+00:00,66649.9,0.00066821,ask,okx,BTC-USDT,0
2026-03-29T20:19:14.872565+00:00,66650.0,0.00377134,ask,okx,BTC-USDT,0
2026-03-29T20:19:14.872565+00:00,66650.2,1.199e-05,ask,okx,BTC-USDT,0
2026-03-29T20:19:14.872565+00:00,66650.8,0.01673431,ask,okx,BTC-USDT,0
2026-03-29T20:19:14.872565+00:00,66651.0,2.072e-05,ask,okx,BTC-USDT,0
2026-03-29T20:19:14.872565+00:00,66651.1,0.00213581,ask,okx,BTC-USDT,0
2026-03-29T20:19:14.872565+00:00,66651.2,0.00084106,ask,okx,BTC-USDT,0
2026-03-29T20:19:14.872565+00:00,66651.3,0.0001108,ask,okx,BTC-USDT,0
2026-03-29T20:19:14.872565+00:00,66651.5,1.511e-05,ask,okx,BTC-USDT,0
2026-03-29T20:19:14.872565+00:00,66651.7,0.00033636,ask,okx,BTC-USDT,0
2026-03-29T20:19:14.872565+00:00,66652.0,1.952e-05,ask,okx,BTC-USDT,0
2026-03-29T20:19:14.872565+00:00,66652.5,0.02211466,ask,okx,BTC-USDT,0
2026-03-29T20:19:14.872565+00:00,66652.6,0.1806606,ask,okx,BTC-USDT,0
2026-03-29T20:19:14.872565+00:00,66653.0,0.20242855,ask,okx,BTC-USDT,0
2026-03-29T20:19:14.872565+00:00,66653.1,1.501e-05,ask,okx,BTC-USDT,0
2026-03-29T20:19:14.872565+00:00,66653.2,3.987e-05,ask,okx,BTC-USDT,0
2026-03-29T20:19:14.872565+00:00,66653.3,0.00155764,ask,okx,BTC-USDT,0
2026-03-29T20:19:14.872565+00:00,66653.6,0.02207802,ask,okx,BTC-USDT,0
2026-03-29T20:19:14.872565+00:00,66653.7,0.06681653,ask,okx,BTC-USDT,0
2026-03-29T20:19:14.872565+00:00,66653.8,0.00015729,ask,okx,BTC-USDT,0
2026-03-29T20:19:14.872565+00:00,66654.0,9.278e-05,ask,okx,BTC-USDT,0
2026-03-29T20:19:14.872565+00:00,66654.1,3.029e-05,ask,okx,BTC-USDT,0
2026-03-29T20:19:14.872565+00:00,66654.4,0.00019335,ask,okx,BTC-USDT,0
2026-03-29T20:19:14.872565+00:00,66654.5,3.3e-05,ask,okx,BTC-USDT,0
2026-03-29T20:19:14.872565+00:00,66654.6,0.00036644,ask,okx,BTC-USDT,0
2026-03-29T20:19:14.872565+00:00,66654.9,0.00016536,ask,okx,BTC-USDT,0
2026-03-29T20:19:14.872565+00:00,66655.0,0.1417,ask,okx,BTC-USDT,0
2026-03-29T20:19:14.872565+00:00,66655.1,1.514e-05,ask,okx,BTC-USDT,0
2026-03-29T20:19:14.872565+00:00,66655.3,7.444e-05,ask,okx,BTC-USDT,0
2026-03-29T20:19:14.872565+00:00,66655.5,1.443e-05,ask,okx,BTC-USDT,0
2026-03-29T20:19:14.872565+00:00,66655.6,0.02225915,ask,okx,BTC-USDT,0
2026-03-29T20:19:14.872565+00:00,66655.7,0.00048344,ask,okx,BTC-USDT,0
2026-03-29T20:19:14.872565+00:00,66655.9,1.095e-05,ask,okx,BTC-USDT,0
2026-03-29T20:19:14.872565+00:00,66656.0,4.161e-05,ask,okx,BTC-USDT,0
2026-03-29T20:19:14.872565+00:00,66656.1,1.092e-05,ask,okx,BTC-USDT,0
2026-03-29T20:19:14.872565+00:00,66656.2,2.466e-05,ask,okx,BTC-USDT,0
2026-03-29T20:19:14.872565+00:00,66656.6,0.00013259,ask,okx,BTC-USDT,0
2026-03-29T20:19:14.872565+00:00,66656.8,0.02209314,ask,okx,BTC-USDT,0
2026-03-29T20:19:14.872565+00:00,66656.9,0.1352679,ask,okx,BTC-USDT,0
2026-03-29T20:19:14.872565+00:00,66657.1,0.00090622,ask,okx,BTC-USDT,0
2026-03-29T20:19:14.872565+00:00,66657.2,0.00039253,ask,okx,BTC-USDT,0
2026-03-29T20:19:14.872565+00:00,66657.3,0.0008401,ask,okx,BTC-USDT,0
2026-03-29T20:19:14.872565+00:00,66657.9,0.00041687,ask,okx,BTC-USDT,0
2026-03-29T20:19:14.872565+00:00,66658.3,2.586e-05,ask,okx,BTC-USDT,0
2026-03-29T20:19:14.872565+00:00,66658.4,6.619e-05,ask,okx,BTC-USDT,0
2026-03-29T20:19:14.872565+00:00,66658.6,1.078e-05,ask,okx,BTC-USDT,0
2026-03-29T20:19:14.872565+00:00,66658.8,1.511e-05,ask,okx,BTC-USDT,0
2026-03-29T20:19:14.872565+00:00,66659.1,2.929e-05,ask,okx,BTC-USDT,0
2026-03-29T20:19:14.872565+00:00,66659.3,0.00082889,ask,okx,BTC-USDT,0
2026-03-29T20:19:14.872565+00:00,66659.7,0.00030185,ask,okx,BTC-USDT,0
2026-03-29T20:19:14.872565+00:00,66659.8,0.1803184,ask,okx,BTC-USDT,0
2026-03-29T20:19:14.872565+00:00,66659.9,1.286e-05,ask,okx,BTC-USDT,0
2026-03-29T20:19:14.872565+00:00,66660.0,0.02186105,ask,okx,BTC-USDT,0
2026-03-29T20:19:14.872565+00:00,66660.2,5.949e-05,ask,okx,BTC-USDT,0
2026-03-29T20:19:17.524806+00:00,66575.9,0.53153353,bid,okx,BTC-USDT,1
2026-03-29T20:19:17.524806+00:00,66575.8,0.30039879,bid,okx,BTC-USDT,1
2026-03-29T20:19:17.524806+00:00,66575.1,0.05924845,bid,okx,BTC-USDT,1
2026-03-29T20:19:17.524806+00:00,66575.0,0.0415,bid,okx,BTC-USDT,1
2026-03-29T20:19:17.524806+00:00,66574.0,0.0415,bid,okx,BTC-USDT,1
2026-03-29T20:19:17.524806+00:00,66573.4,4.537e-05,bid,okx,BTC-USDT,1
2026-03-29T20:19:17.524806+00:00,66573.3,0.00019278,bid,okx,BTC-USDT,1
2026-03-29T20:19:17.524806+00:00,66572.9,0.0117402,bid,okx,BTC-USDT,1
2026-03-29T20:19:17.524806+00:00,66571.0,0.04151514,bid,okx,BTC-USDT,1
2026-03-29T20:19:17.524806+00:00,66570.9,0.01855479,bid,okx,BTC-USDT,1
2026-03-29T20:19:17.524806+00:00,66569.1,0.11542587,bid,okx,BTC-USDT,1
2026-03-29T20:19:17.524806+00:00,66568.9,0.1417,bid,okx,BTC-USDT,1
2026-03-29T20:19:17.524806+00:00,66568.5,1.5e-05,bid,okx,BTC-USDT,1
2026-03-29T20:19:17.524806+00:00,66568.1,0.00751482,bid,okx,BTC-USDT,1
2026-03-29T20:19:17.524806+00:00,66568.0,0.04307303,bid,okx,BTC-USDT,1
2026-03-29T20:19:17.524806+00:00,66567.9,0.27615482,bid,okx,BTC-USDT,1
2026-03-29T20:19:17.524806+00:00,66567.6,0.01457773,bid,okx,BTC-USDT,1
2026-03-29T20:19:17.524806+00:00,66567.5,1e-05,bid,okx,BTC-USDT,1
2026-03-29T20:19:17.524806+00:00,66567.3,1.514e-05,bid,okx,BTC-USDT,1
2026-03-29T20:19:17.524806+00:00,66567.0,0.00325151,bid,okx,BTC-USDT,1
2026-03-29T20:19:17.524806+00:00,66566.3,0.04399843,bid,okx,BTC-USDT,1
2026-03-29T20:19:17.524806+00:00,66566.1,0.04584627,bid,okx,BTC-USDT,1
2026-03-29T20:19:17.524806+00:00,66566.0,0.0415,bid,okx,BTC-USDT,1
2026-03-29T20:19:17.524806+00:00,66565.8,0.00300619,bid,okx,BTC-USDT,1
2026-03-29T20:19:17.524806+00:00,66565.0,0.0415,bid,okx,BTC-USDT,1
2026-03-29T20:19:17.524806+00:00,66564.4,0.06758267,bid,okx,BTC-USDT,1
2026-03-29T20:19:17.524806+00:00,66563.7,1.514e-05,bid,okx,BTC-USDT,1
2026-03-29T20:19:17.524806+00:00,66562.8,0.14327105,bid,okx,BTC-USDT,1
2026-03-29T20:19:17.524806+00:00,66562.3,0.01855479,bid,okx,BTC-USDT,1
2026-03-29T20:19:17.524806+00:00,66561.8,1.5e-05,bid,okx,BTC-USDT,1
2026-03-29T20:19:17.524806+00:00,66561.2,0.0067263,bid,okx,BTC-USDT,1
2026-03-29T20:19:17.524806+00:00,66561.1,0.48096135,bid,okx,BTC-USDT,1
2026-03-29T20:19:17.524806+00:00,66561.0,0.12222612,bid,okx,BTC-USDT,1
2026-03-29T20:19:17.524806+00:00,66560.6,0.05172,bid,okx,BTC-USDT,1
2026-03-29T20:19:17.524806+00:00,66560.2,0.02898316,bid,okx,BTC-USDT,1
2026-03-29T20:19:17.524806+00:00,66560.0,0.00047676,bid,okx,BTC-USDT,1
2026-03-29T20:19:17.524806+00:00,66559.2,1e-05,bid,okx,BTC-USDT,1
2026-03-29T20:19:17.524806+00:00,66558.6,0.07519918,bid,okx,BTC-USDT,1
2026-03-29T20:19:17.524806+00:00,66558.2,0.18033981,bid,okx,BTC-USDT,1
2026-03-29T20:19:17.524806+00:00,66558.1,0.06600107,bid,okx,BTC-USDT,1
2026-03-29T20:19:17.524806+00:00,66557.7,0.0765061,bid,okx,BTC-USDT,1
2026-03-29T20:19:17.524806+00:00,66557.2,4.291e-05,bid,okx,BTC-USDT,1
2026-03-29T20:19:17.524806+00:00,66557.1,0.1803184,bid,okx,BTC-USDT,1
2026-03-29T20:19:17.524806+00:00,66556.9,0.1417,bid,okx,BTC-USDT,1
2026-03-29T20:19:17.524806+00:00,66556.3,1.514e-05,bid,okx,BTC-USDT,1
2026-03-29T20:19:17.524806+00:00,66555.3,0.0219633,bid,okx,BTC-USDT,1
2026-03-29T20:19:17.524806+00:00,66555.1,1.501e-05,bid,okx,BTC-USDT,1
2026-03-29T20:19:17.524806+00:00,66554.3,0.1189345,bid,okx,BTC-USDT,1
2026-03-29T20:19:17.524806+00:00,66554.2,0.1803184,bid,okx,BTC-USDT,1
2026-03-29T20:19:17.524806+00:00,66552.8,0.18033981,bid,okx,BTC-USDT,1
2026-03-29T20:19:17.524806+00:00,66552.7,1.514e-05,bid,okx,BTC-USDT,1
2026-03-29T20:19:17.524806+00:00,66552.4,0.00601238,bid,okx,BTC-USDT,1
2026-03-29T20:19:17.524806+00:00,66551.8,0.0066,bid,okx,BTC-USDT,1
2026-03-29T20:19:17.524806+00:00,66551.7,0.01855479,bid,okx,BTC-USDT,1
2026-03-29T20:19:17.524806+00:00,66551.2,0.0066,bid,okx,BTC-USDT,1
2026-03-29T20:19:17.524806+00:00,66551.1,0.08697898,bid,okx,BTC-USDT,1
2026-03-29T20:19:17.524806+00:00,66550.8,2e-05,bid,okx,BTC-USDT,1
2026-03-29T20:19:17.524806+00:00,66549.7,0.00605142,bid,okx,BTC-USDT,1
2026-03-29T20:19:17.524806+00:00,66549.6,0.1803184,bid,okx,BTC-USDT,1
2026-03-29T20:19:17.524806+00:00,66549.2,0.0521726,bid,okx,BTC-USDT,1
2026-03-29T20:19:17.524806+00:00,66549.0,1.514e-05,bid,okx,BTC-USDT,1
2026-03-29T20:19:17.524806+00:00,66548.4,1.5e-05,bid,okx,BTC-USDT,1
2026-03-29T20:19:17.524806+00:00,66548.0,3.028e-05,bid,okx,BTC-USDT,1
2026-03-29T20:19:17.524806+00:00,66547.8,0.88932196,bid,okx,BTC-USDT,1
2026-03-29T20:19:17.524806+00:00,66547.3,0.00080371,bid,okx,BTC-USDT,1
2026-03-29T20:19:17.524806+00:00,66547.0,0.01326182,bid,okx,BTC-USDT,1
2026-03-29T20:19:17.524806+00:00,66546.7,0.00392566,bid,okx,BTC-USDT,1
2026-03-29T20:19:17.524806+00:00,66546.6,0.36065821,bid,okx,BTC-USDT,1
2026-03-29T20:19:17.524806+00:00,66546.5,0.01901687,bid,okx,BTC-USDT,1
2026-03-29T20:19:17.524806+00:00,66546.2,0.1417,bid,okx,BTC-USDT,1
2026-03-29T20:19:17.524806+00:00,66546.1,0.1841134,bid,okx,BTC-USDT,1
2026-03-29T20:19:17.524806+00:00,66546.0,0.16265,bid,okx,BTC-USDT,1
2026-03-29T20:19:17.524806+00:00,66545.6,0.396827,bid,okx,BTC-USDT,1
2026-03-29T20:19:17.524806+00:00,66545.4,1.514e-05,bid,okx,BTC-USDT,1
2026-03-29T20:19:17.524806+00:00,66544.8,0.03,bid,okx,BTC-USDT,1
2026-03-29T20:19:17.524806+00:00,66544.6,0.01855479,bid,okx,BTC-USDT,1
2026-03-29T20:19:17.524806+00:00,66544.5,0.84593,bid,okx,BTC-USDT,1
2026-03-29T20:19:17.524806+00:00,66543.8,0.30206065,bid,okx,BTC-USDT,1
2026-03-29T20:19:17.524806+00:00,66543.6,0.12628501,bid,okx,BTC-USDT,1
2026-03-29T20:19:17.524806+00:00,66543.5,0.1803184,bid,okx,BTC-USDT,1
2026-03-29T20:19:17.524806+00:00,66543.1,0.00240003,bid,okx,BTC-USDT,1
2026-03-29T20:19:17.524806+00:00,66543.0,0.86958,bid,okx,BTC-USDT,1
2026-03-29T20:19:17.524806+00:00,66542.4,2e-05,bid,okx,BTC-USDT,1
2026-03-29T20:19:17.524806+00:00,66542.3,0.01033118,bid,okx,BTC-USDT,1
2026-03-29T20:19:17.524806+00:00,66541.7,3.015e-05,bid,okx,BTC-USDT,1
2026-03-29T20:19:17.524806+00:00,66541.3,0.06008107,bid,okx,BTC-USDT,1
2026-03-29T20:19:17.524806+00:00,66540.7,0.00601134,bid,okx,BTC-USDT,1
2026-03-29T20:19:17.524806+00:00,66540.2,0.10969992,bid,okx,BTC-USDT,1
2026-03-29T20:19:17.524806+00:00,66540.1,0.2803184,bid,okx,BTC-USDT,1
2026-03-29T20:19:17.524806+00:00,66540.0,0.18080143,bid,okx,BTC-USDT,1
2026-03-29T20:19:17.524806+00:00,66539.1,0.00901857,bid,okx,BTC-USDT,1
2026-03-29T20:19:17.524806+00:00,66538.0,1.514e-05,bid,okx,BTC-USDT,1
2026-03-29T20:19:17.524806+00:00,66537.8,0.01855479,bid,okx,BTC-USDT,1
2026-03-29T20:19:17.524806+00:00,66537.7,0.00082111,bid,okx,BTC-USDT,1
2026-03-29T20:19:17.524806+00:00,66537.0,0.14721494,bid,okx,BTC-USDT,1
2026-03-29T20:19:17.524806+00:00,66536.7,0.1417,bid,okx,BTC-USDT,1
2026-03-29T20:19:17.524806+00:00,66535.3,0.1803184,bid,okx,BTC-USDT,1
2026-03-29T20:19:17.524806+00:00,66535.0,1.501e-05,bid,okx,BTC-USDT,1
2026-03-29T20:19:17.524806+00:00,66534.7,3.91573719,bid,okx,BTC-USDT,1
2026-03-29T20:19:17.524806+00:00,66534.4,1.514e-05,bid,okx,BTC-USDT,1
2026-03-29T20:19:17.524806+00:00,66534.2,0.14778215,bid,okx,BTC-USDT,1
2026-03-29T20:19:17.524806+00:00,66534.1,0.18036981,bid,okx,BTC-USDT,1
2026-03-29T20:19:17.524806+00:00,66533.3,0.00749407,bid,okx,BTC-USDT,1
2026-03-29T20:19:17.524806+00:00,66532.0,0.01855479,bid,okx,BTC-USDT,1
2026-03-29T20:19:17.524806+00:00,66531.8,0.1803184,bid,okx,BTC-USDT,1
2026-03-29T20:19:17.524806+00:00,66530.8,0.17764015,bid,okx,BTC-USDT,1
2026-03-29T20:19:17.524806+00:00,66530.7,0.0074944,bid,okx,BTC-USDT,1
2026-03-29T20:19:17.524806+00:00,66529.7,0.1417,bid,okx,BTC-USDT,1
2026-03-29T20:19:17.524806+00:00,66529.3,1.501e-05,bid,okx,BTC-USDT,1
2026-03-29T20:19:17.524806+00:00,66528.8,0.1803184,bid,okx,BTC-USDT,1
2026-03-29T20:19:17.524806+00:00,66528.7,0.18033981,bid,okx,BTC-USDT,1
2026-03-29T20:19:17.524806+00:00,66528.3,0.01327683,bid,okx,BTC-USDT,1
2026-03-29T20:19:17.524806+00:00,66528.1,0.01,bid,okx,BTC-USDT,1
2026-03-29T20:19:17.524806+00:00,66527.4,0.006354,bid,okx,BTC-USDT,1
2026-03-29T20:19:17.524806+00:00,66527.2,0.20041557,bid,okx,BTC-USDT,1
2026-03-29T20:19:17.524806+00:00,66527.1,0.28237554,bid,okx,BTC-USDT,1
2026-03-29T20:19:17.524806+00:00,66526.5,0.0024586,bid,okx,BTC-USDT,1
2026-03-29T20:19:17.524806+00:00,66526.4,0.23106443,bid,okx,BTC-USDT,1
2026-03-29T20:19:17.524806+00:00,66526.0,0.1803184,bid,okx,BTC-USDT,1
2026-03-29T20:19:17.524806+00:00,66525.8,0.01202476,bid,okx,BTC-USDT,1
2026-03-29T20:19:17.524806+00:00,66525.7,4e-05,bid,okx,BTC-USDT,1
2026-03-29T20:19:17.524806+00:00,66524.7,0.26675711,bid,okx,BTC-USDT,1
2026-03-29T20:19:17.524806+00:00,66523.8,0.00748725,bid,okx,BTC-USDT,1
2026-03-29T20:19:17.524806+00:00,66523.5,0.02538828,bid,okx,BTC-USDT,1
2026-03-29T20:19:17.524806+00:00,66523.4,1.514e-05,bid,okx,BTC-USDT,1
2026-03-29T20:19:17.524806+00:00,66523.0,0.03821014,bid,okx,BTC-USDT,1
2026-03-29T20:19:17.524806+00:00,66522.4,0.02368953,bid,okx,BTC-USDT,1
2026-03-29T20:19:17.524806+00:00,66522.3,0.1417,bid,okx,BTC-USDT,1
2026-03-29T20:19:17.524806+00:00,66522.2,0.1803184,bid,okx,BTC-USDT,1
2026-03-29T20:19:17.524806+00:00,66522.1,0.18033981,bid,okx,BTC-USDT,1
2026-03-29T20:19:17.524806+00:00,66522.0,0.35695971,bid,okx,BTC-USDT,1
2026-03-29T20:19:17.524806+00:00,66521.9,0.01326182,bid,okx,BTC-USDT,1
2026-03-29T20:19:17.524806+00:00,66521.6,1.5e-05,bid,okx,BTC-USDT,1
2026-03-29T20:19:17.524806+00:00,66520.5,0.02368953,bid,okx,BTC-USDT,1
2026-03-29T20:19:17.524806+00:00,66520.4,0.08406187,bid,okx,BTC-USDT,1
2026-03-29T20:19:17.524806+00:00,66520.3,0.07421916,bid,okx,BTC-USDT,1
2026-03-29T20:19:17.524806+00:00,66520.0,0.00046162,bid,okx,BTC-USDT,1
2026-03-29T20:19:17.524806+00:00,66519.7,1.514e-05,bid,okx,BTC-USDT,1
2026-03-29T20:19:17.524806+00:00,66518.9,0.02368953,bid,okx,BTC-USDT,1
2026-03-29T20:19:17.524806+00:00,66518.3,0.1803184,bid,okx,BTC-USDT,1
2026-03-29T20:19:17.524806+00:00,66517.6,0.02368953,bid,okx,BTC-USDT,1
2026-03-29T20:19:17.524806+00:00,66517.4,5e-05,bid,okx,BTC-USDT,1
2026-03-29T20:19:17.524806+00:00,66516.8,0.24372489,bid,okx,BTC-USDT,1
2026-03-29T20:19:17.524806+00:00,66516.7,0.18033981,bid,okx,BTC-USDT,1
2026-03-29T20:19:17.524806+00:00,66516.1,1.514e-05,bid,okx,BTC-USDT,1
2026-03-29T20:19:17.524806+00:00,66515.6,0.54135458,bid,okx,BTC-USDT,1
2026-03-29T20:19:17.524806+00:00,66514.9,1.5e-05,bid,okx,BTC-USDT,1
2026-03-29T20:19:17.524806+00:00,66514.8,0.13525486,bid,okx,BTC-USDT,1
2026-03-29T20:19:17.524806+00:00,66514.7,0.24752814,bid,okx,BTC-USDT,1
2026-03-29T20:19:17.524806+00:00,66514.5,0.03821014,bid,okx,BTC-USDT,1
2026-03-29T20:19:17.524806+00:00,66513.9,0.1417,bid,okx,BTC-USDT,1
2026-03-29T20:19:17.524806+00:00,66513.2,0.0150308,bid,okx,BTC-USDT,1
2026-03-29T20:19:17.524806+00:00,66512.5,0.541251,bid,okx,BTC-USDT,1
2026-03-29T20:19:17.524806+00:00,66512.4,1.514e-05,bid,okx,BTC-USDT,1
2026-03-29T20:19:17.524806+00:00,66511.8,0.13525486,bid,okx,BTC-USDT,1
2026-03-29T20:19:17.524806+00:00,66511.0,0.00074496,bid,okx,BTC-USDT,1
2026-03-29T20:19:17.524806+00:00,66510.6,0.003004,bid,okx,BTC-USDT,1
2026-03-29T20:19:17.524806+00:00,66510.2,0.01855479,bid,okx,BTC-USDT,1
2026-03-29T20:19:17.524806+00:00,66510.0,0.10542889,bid,okx,BTC-USDT,1
2026-03-29T20:19:17.524806+00:00,66509.9,0.03757079,bid,okx,BTC-USDT,1
2026-03-29T20:19:17.524806+00:00,66509.7,0.18033981,bid,okx,BTC-USDT,1
2026-03-29T20:19:17.524806+00:00,66509.3,0.00015,bid,okx,BTC-USDT,1
2026-03-29T20:19:17.524806+00:00,66509.0,5e-05,bid,okx,BTC-USDT,1
2026-03-29T20:19:17.524806+00:00,66508.9,0.13525486,bid,okx,BTC-USDT,1
2026-03-29T20:19:17.524806+00:00,66508.8,1.514e-05,bid,okx,BTC-USDT,1
2026-03-29T20:19:17.524806+00:00,66508.2,1.5e-05,bid,okx,BTC-USDT,1
2026-03-29T20:19:17.524806+00:00,66507.2,0.1417,bid,okx,BTC-USDT,1
2026-03-29T20:19:17.524806+00:00,66507.1,1.86837374,bid,okx,BTC-USDT,1
2026-03-29T20:19:17.524806+00:00,66507.0,5.64198,bid,okx,BTC-USDT,1
2026-03-29T20:19:17.524806+00:00,66506.7,0.00261394,bid,okx,BTC-USDT,1
2026-03-29T20:19:17.524806+00:00,66506.2,0.01855479,bid,okx,BTC-USDT,1
2026-03-29T20:19:17.524806+00:00,66505.6,0.13525486,bid,okx,BTC-USDT,1
2026-03-29T20:19:17.524806+00:00,66505.1,1.514e-05,bid,okx,BTC-USDT,1
2026-03-29T20:19:17.524806+00:00,66504.6,1.86448076,bid,okx,BTC-USDT,1
2026-03-29T20:19:17.524806+00:00,66504.5,5.8006,bid,okx,BTC-USDT,1
2026-03-29T20:19:17.524806+00:00,66502.4,0.13525486,bid,okx,BTC-USDT,1
2026-03-29T20:19:17.524806+00:00,66502.3,0.20267867,bid,okx,BTC-USDT,1
2026-03-29T20:19:17.524806+00:00,66501.9,0.12,bid,okx,BTC-USDT,1
2026-03-29T20:19:17.524806+00:00,66501.5,3.014e-05,bid,okx,BTC-USDT,1
2026-03-29T20:19:17.524806+00:00,66501.2,0.12734628,bid,okx,BTC-USDT,1
2026-03-29T20:19:17.524806+00:00,66501.1,0.11281,bid,okx,BTC-USDT,1
2026-03-29T20:19:17.524806+00:00,66500.6,7e-05,bid,okx,BTC-USDT,1
2026-03-29T20:19:17.524806+00:00,66500.2,0.05489852,bid,okx,BTC-USDT,1
2026-03-29T20:19:17.524806+00:00,66500.0,0.00047162,bid,okx,BTC-USDT,1
2026-03-29T20:19:17.524806+00:00,66499.9,0.0212,bid,okx,BTC-USDT,1
2026-03-29T20:19:17.524806+00:00,66499.8,0.00015038,bid,okx,BTC-USDT,1
2026-03-29T20:19:17.524806+00:00,66499.6,0.13525486,bid,okx,BTC-USDT,1
2026-03-29T20:19:17.524806+00:00,66499.3,0.1417,bid,okx,BTC-USDT,1
2026-03-29T20:19:17.524806+00:00,66498.5,0.00748937,bid,okx,BTC-USDT,1
2026-03-29T20:19:17.524806+00:00,66498.0,0.01855479,bid,okx,BTC-USDT,1
2026-03-29T20:19:17.524806+00:00,66497.8,1.514e-05,bid,okx,BTC-USDT,1
2026-03-29T20:19:17.524806+00:00,66496.0,1.501e-05,bid,okx,BTC-USDT,1
2026-03-29T20:19:17.524806+00:00,66495.2,0.00242152,bid,okx,BTC-USDT,1
2026-03-29T20:19:17.524806+00:00,66495.1,0.00037509,bid,okx,BTC-USDT,1
2026-03-29T20:19:17.524806+00:00,66494.8,1.5e-05,bid,okx,BTC-USDT,1
2026-03-29T20:19:17.524806+00:00,66494.1,1.514e-05,bid,okx,BTC-USDT,1
2026-03-29T20:19:17.524806+00:00,66493.2,0.01881291,bid,okx,BTC-USDT,1
2026-03-29T20:19:17.524806+00:00,66493.1,0.16166994,bid,okx,BTC-USDT,1
2026-03-29T20:19:17.524806+00:00,66493.0,0.14120507,bid,okx,BTC-USDT,1
2026-03-29T20:19:17.524806+00:00,66492.3,0.00011,bid,okx,BTC-USDT,1
2026-03-29T20:19:17.524806+00:00,66492.0,0.18033981,bid,okx,BTC-USDT,1
2026-03-29T20:19:17.524806+00:00,66491.7,0.1417,bid,okx,BTC-USDT,1
2026-03-29T20:19:17.524806+00:00,66490.6,0.03510491,bid,okx,BTC-USDT,1
2026-03-29T20:19:17.524806+00:00,66490.5,0.0220988,bid,okx,BTC-USDT,1
2026-03-29T20:19:17.524806+00:00,66490.0,0.00074496,bid,okx,BTC-USDT,1
2026-03-29T20:19:17.524806+00:00,66488.9,0.06955587,bid,okx,BTC-USDT,1
2026-03-29T20:19:17.524806+00:00,66488.2,0.05602514,bid,okx,BTC-USDT,1
2026-03-29T20:19:17.524806+00:00,66488.1,1.501e-05,bid,okx,BTC-USDT,1
2026-03-29T20:19:17.524806+00:00,66488.0,0.23496074,bid,okx,BTC-USDT,1
2026-03-29T20:19:17.524806+00:00,66487.9,0.13525486,bid,okx,BTC-USDT,1
2026-03-29T20:19:17.524806+00:00,66487.6,0.12,bid,okx,BTC-USDT,1
2026-03-29T20:19:17.524806+00:00,66487.3,0.02538855,bid,okx,BTC-USDT,1
2026-03-29T20:19:17.524806+00:00,66487.2,0.02208366,bid,okx,BTC-USDT,1
2026-03-29T20:19:17.524806+00:00,66487.1,0.01855479,bid,okx,BTC-USDT,1
2026-03-29T20:19:17.524806+00:00,66487.0,1.197e-05,bid,okx,BTC-USDT,1
2026-03-29T20:19:17.524806+00:00,66486.8,1.514e-05,bid,okx,BTC-USDT,1
2026-03-29T20:19:17.524806+00:00,66486.7,0.02208299,bid,okx,BTC-USDT,1
2026-03-29T20:19:17.524806+00:00,66486.6,0.18033981,bid,okx,BTC-USDT,1
2026-03-29T20:19:17.524806+00:00,66486.0,0.00098608,bid,okx,BTC-USDT,1
2026-03-29T20:19:17.524806+00:00,66485.9,0.02208299,bid,okx,BTC-USDT,1
2026-03-29T20:19:17.524806+00:00,66485.8,0.02538855,bid,okx,BTC-USDT,1
2026-03-29T20:19:17.524806+00:00,66485.6,0.12,bid,okx,BTC-USDT,1
2026-03-29T20:19:17.524806+00:00,66485.2,0.00151838,bid,okx,BTC-USDT,1
2026-03-29T20:19:17.524806+00:00,66485.1,0.2671111,bid,okx,BTC-USDT,1
2026-03-29T20:19:17.524806+00:00,66485.0,0.20240139,bid,okx,BTC-USDT,1
2026-03-29T20:19:17.524806+00:00,66484.0,5.99e-05,bid,okx,BTC-USDT,1
2026-03-29T20:19:17.524806+00:00,66483.9,5e-05,bid,okx,BTC-USDT,1
2026-03-29T20:19:17.524806+00:00,66483.5,0.02538855,bid,okx,BTC-USDT,1
2026-03-29T20:19:17.524806+00:00,66483.4,0.02208366,bid,okx,BTC-USDT,1
2026-03-29T20:19:17.524806+00:00,66483.3,0.1417,bid,okx,BTC-USDT,1
2026-03-29T20:19:17.524806+00:00,66483.2,2.712e-05,bid,okx,BTC-USDT,1
2026-03-29T20:19:17.524806+00:00,66482.4,0.04748353,bid,okx,BTC-USDT,1
2026-03-29T20:19:17.524806+00:00,66482.2,0.20240206,bid,okx,BTC-USDT,1
2026-03-29T20:19:17.524806+00:00,66482.1,0.33010961,bid,okx,BTC-USDT,1
2026-03-29T20:19:17.524806+00:00,66482.0,0.01499694,bid,okx,BTC-USDT,1
2026-03-29T20:19:17.524806+00:00,66481.8,0.01863736,bid,okx,BTC-USDT,1
2026-03-29T20:19:17.524806+00:00,66481.5,0.02538855,bid,okx,BTC-USDT,1
2026-03-29T20:19:17.524806+00:00,66481.4,0.06050892,bid,okx,BTC-USDT,1
2026-03-29T20:19:17.524806+00:00,66481.3,0.07843249,bid,okx,BTC-USDT,1
2026-03-29T20:19:17.524806+00:00,66480.6,0.02368953,bid,okx,BTC-USDT,1
2026-03-29T20:19:17.524806+00:00,66480.5,0.02208366,bid,okx,BTC-USDT,1
2026-03-29T20:19:17.524806+00:00,66480.0,0.00046162,bid,okx,BTC-USDT,1
2026-03-29T20:19:17.524806+00:00,66479.5,1.514e-05,bid,okx,BTC-USDT,1
2026-03-29T20:19:17.524806+00:00,66478.9,0.02368953,bid,okx,BTC-USDT,1
2026-03-29T20:19:17.524806+00:00,66478.8,0.02538855,bid,okx,BTC-USDT,1
2026-03-29T20:19:17.524806+00:00,66478.7,0.04416732,bid,okx,BTC-USDT,1
2026-03-29T20:19:17.524806+00:00,66478.6,0.02433344,bid,okx,BTC-USDT,1
2026-03-29T20:19:17.524806+00:00,66478.0,0.21613344,bid,okx,BTC-USDT,1
2026-03-29T20:19:17.524806+00:00,66477.4,0.02208366,bid,okx,BTC-USDT,1
2026-03-29T20:19:17.524806+00:00,66477.3,0.15733852,bid,okx,BTC-USDT,1
2026-03-29T20:19:17.524806+00:00,66477.2,0.18033981,bid,okx,BTC-USDT,1
2026-03-29T20:19:17.524806+00:00,66476.8,0.04744491,bid,okx,BTC-USDT,1
2026-03-29T20:19:17.524806+00:00,66476.7,0.02368953,bid,okx,BTC-USDT,1
2026-03-29T20:19:17.524806+00:00,66476.6,0.29417791,bid,okx,BTC-USDT,1
2026-03-29T20:19:17.524806+00:00,66476.3,0.1417,bid,okx,BTC-USDT,1
2026-03-29T20:19:17.524806+00:00,66475.9,1.514e-05,bid,okx,BTC-USDT,1
2026-03-29T20:19:17.524806+00:00,66475.5,0.0238115,bid,okx,BTC-USDT,1
2026-03-29T20:19:17.524806+00:00,66475.4,0.5999,bid,okx,BTC-USDT,1
2026-03-29T20:19:17.524806+00:00,66475.3,0.02433344,bid,okx,BTC-USDT,1
2026-03-29T20:19:17.524806+00:00,66475.0,0.19163681,bid,okx,BTC-USDT,1
2026-03-29T20:19:17.524806+00:00,66474.9,0.15176798,bid,okx,BTC-USDT,1
2026-03-29T20:19:17.524806+00:00,66474.7,1.5e-05,bid,okx,BTC-USDT,1
2026-03-29T20:19:17.524806+00:00,66474.5,0.02433344,bid,okx,BTC-USDT,1
2026-03-29T20:19:17.524806+00:00,66474.4,0.26228228,bid,okx,BTC-USDT,1
2026-03-29T20:19:17.524806+00:00,66474.0,0.13525486,bid,okx,BTC-USDT,1
2026-03-29T20:19:17.524806+00:00,66473.8,0.00036999,bid,okx,BTC-USDT,1
2026-03-29T20:19:17.524806+00:00,66472.6,0.02538809,bid,okx,BTC-USDT,1
2026-03-29T20:19:17.524806+00:00,66472.5,0.07341106,bid,okx,BTC-USDT,1
2026-03-29T20:19:17.524806+00:00,66472.4,0.01855479,bid,okx,BTC-USDT,1
2026-03-29T20:19:17.524806+00:00,66472.3,0.00496887,bid,okx,BTC-USDT,1
2026-03-29T20:19:17.524806+00:00,66472.2,3.906e-05,bid,okx,BTC-USDT,1
2026-03-29T20:19:17.524806+00:00,66470.6,0.02538809,bid,okx,BTC-USDT,1
2026-03-29T20:19:17.524806+00:00,66470.5,0.5190057,bid,okx,BTC-USDT,1
2026-03-29T20:19:17.524806+00:00,66470.4,0.13525486,bid,okx,BTC-USDT,1
2026-03-29T20:19:17.524806+00:00,66470.3,0.20467325,bid,okx,BTC-USDT,1
2026-03-29T20:19:17.524806+00:00,66470.2,0.1,bid,okx,BTC-USDT,1
2026-03-29T20:19:17.524806+00:00,66470.0,1.272753,bid,okx,BTC-USDT,1
2026-03-29T20:19:17.524806+00:00,66469.4,0.02368953,bid,okx,BTC-USDT,1
2026-03-29T20:19:17.524806+00:00,66469.3,0.0236,bid,okx,BTC-USDT,1
2026-03-29T20:19:17.524806+00:00,66469.0,0.0253895,bid,okx,BTC-USDT,1
2026-03-29T20:19:17.524806+00:00,66468.9,0.02433344,bid,okx,BTC-USDT,1
2026-03-29T20:19:17.524806+00:00,66468.5,1.514e-05,bid,okx,BTC-USDT,1
2026-03-29T20:19:17.524806+00:00,66468.0,1.5e-05,bid,okx,BTC-USDT,1
2026-03-29T20:19:17.524806+00:00,66467.7,0.02538809,bid,okx,BTC-USDT,1
2026-03-29T20:19:17.524806+00:00,66467.5,0.11283,bid,okx,BTC-USDT,1
2026-03-29T20:19:17.524806+00:00,66467.2,0.1418,bid,okx,BTC-USDT,1
2026-03-29T20:19:17.524806+00:00,66467.1,0.0008,bid,okx,BTC-USDT,1
2026-03-29T20:19:17.524806+00:00,66466.9,0.0422598,bid,okx,BTC-USDT,1
2026-03-29T20:19:17.524806+00:00,66466.4,1.196e-05,bid,okx,BTC-USDT,1
2026-03-29T20:19:17.524806+00:00,66465.8,0.02538809,bid,okx,BTC-USDT,1
2026-03-29T20:19:17.524806+00:00,66464.9,1.514e-05,bid,okx,BTC-USDT,1
2026-03-29T20:19:17.524806+00:00,66464.4,0.0290548,bid,okx,BTC-USDT,1
2026-03-29T20:19:17.524806+00:00,66464.3,0.02538809,bid,okx,BTC-USDT,1
2026-03-29T20:19:17.524806+00:00,66464.2,0.04737906,bid,okx,BTC-USDT,1
2026-03-29T20:19:17.524806+00:00,66462.7,1.5e-05,bid,okx,BTC-USDT,1
2026-03-29T20:19:17.524806+00:00,66461.8,0.00040168,bid,okx,BTC-USDT,1
2026-03-29T20:19:17.524806+00:00,66461.7,0.02368889,bid,okx,BTC-USDT,1
2026-03-29T20:19:17.524806+00:00,66461.6,0.04907839,bid,okx,BTC-USDT,1
2026-03-29T20:19:17.524806+00:00,66461.5,0.0243379,bid,okx,BTC-USDT,1
2026-03-29T20:19:17.524806+00:00,66461.3,0.23263327,bid,okx,BTC-USDT,1
2026-03-29T20:19:17.524806+00:00,66461.2,1.514e-05,bid,okx,BTC-USDT,1
2026-03-29T20:19:17.524806+00:00,66461.0,0.13525486,bid,okx,BTC-USDT,1
2026-03-29T20:19:17.524806+00:00,66460.4,0.01855479,bid,okx,BTC-USDT,1
2026-03-29T20:19:17.524806+00:00,66460.0,0.16755112,bid,okx,BTC-USDT,1
2026-03-29T20:19:17.524806+00:00,66459.3,0.02368889,bid,okx,BTC-USDT,1
2026-03-29T20:19:17.524806+00:00,66459.2,0.02434298,bid,okx,BTC-USDT,1
2026-03-29T20:19:17.524806+00:00,66458.8,0.00011,bid,okx,BTC-USDT,1
2026-03-29T20:19:17.524806+00:00,66458.2,0.02538854,bid,okx,BTC-USDT,1
2026-03-29T20:19:17.524806+00:00,66458.1,0.18033981,bid,okx,BTC-USDT,1
2026-03-29T20:19:17.524806+00:00,66457.9,0.02345996,bid,okx,BTC-USDT,1
2026-03-29T20:19:17.524806+00:00,66457.6,0.001804,bid,okx,BTC-USDT,1
2026-03-29T20:19:17.524806+00:00,66457.3,0.0253895,bid,okx,BTC-USDT,1
2026-03-29T20:19:17.524806+00:00,66457.1,0.05087475,bid,okx,BTC-USDT,1
2026-03-29T20:19:17.524806+00:00,66455.4,0.02368906,bid,okx,BTC-USDT,1
2026-03-29T20:19:17.524806+00:00,66455.3,0.04972951,bid,okx,BTC-USDT,1
2026-03-29T20:19:17.524806+00:00,66455.2,0.02538854,bid,okx,BTC-USDT,1
2026-03-29T20:19:17.524806+00:00,66455.1,0.04897854,bid,okx,BTC-USDT,1
2026-03-29T20:19:17.524806+00:00,66454.8,0.0253895,bid,okx,BTC-USDT,1
2026-03-29T20:19:17.524806+00:00,66454.7,0.04394333,bid,okx,BTC-USDT,1
2026-03-29T20:19:17.524806+00:00,66454.6,1.5e-05,bid,okx,BTC-USDT,1
2026-03-29T20:19:17.524806+00:00,66453.9,1.514e-05,bid,okx,BTC-USDT,1
2026-03-29T20:19:17.524806+00:00,66453.3,0.0253882,bid,okx,BTC-USDT,1
2026-03-29T20:19:17.524806+00:00,66453.2,0.02358904,bid,okx,BTC-USDT,1
2026-03-29T20:19:17.524806+00:00,66453.1,0.02538854,bid,okx,BTC-USDT,1
2026-03-29T20:19:17.524806+00:00,66453.0,0.16064436,bid,okx,BTC-USDT,1
2026-03-29T20:19:17.524806+00:00,66452.6,0.00049084,bid,okx,BTC-USDT,1
2026-03-29T20:19:17.524806+00:00,66452.4,1.273091,bid,okx,BTC-USDT,1
2026-03-29T20:19:17.524806+00:00,66452.1,0.02434298,bid,okx,BTC-USDT,1
2026-03-29T20:19:17.524806+00:00,66452.0,0.04717854,bid,okx,BTC-USDT,1
2026-03-29T20:19:17.524806+00:00,66451.9,0.09994,bid,okx,BTC-USDT,1
2026-03-29T20:19:17.524806+00:00,66451.7,0.00747044,bid,okx,BTC-USDT,1
2026-03-29T20:19:17.524806+00:00,66451.6,0.05077674,bid,okx,BTC-USDT,1
2026-03-29T20:19:17.524806+00:00,66451.5,0.02576464,bid,okx,BTC-USDT,1
2026-03-29T20:19:17.524806+00:00,66451.3,0.1,bid,okx,BTC-USDT,1
2026-03-29T20:19:17.524806+00:00,66451.1,0.02358936,bid,okx,BTC-USDT,1
2026-03-29T20:19:17.524806+00:00,66451.0,0.02378779,bid,okx,BTC-USDT,1
2026-03-29T20:19:17.524806+00:00,66450.7,0.00750178,bid,okx,BTC-USDT,1
2026-03-29T20:19:17.524806+00:00,66450.6,0.03884087,bid,okx,BTC-USDT,1
2026-03-29T20:19:17.524806+00:00,66450.5,0.02538854,bid,okx,BTC-USDT,1
2026-03-29T20:19:17.524806+00:00,66450.4,0.00025,bid,okx,BTC-USDT,1
2026-03-29T20:19:17.524806+00:00,66450.3,0.1652895,bid,okx,BTC-USDT,1
2026-03-29T20:19:17.524806+00:00,66450.1,0.02358904,bid,okx,BTC-USDT,1
2026-03-29T20:19:17.524806+00:00,66450.0,0.00041385,bid,okx,BTC-USDT,1
2026-03-29T20:19:17.524806+00:00,66449.9,0.0243451,bid,okx,BTC-USDT,1
2026-03-29T20:19:17.524806+00:00,66449.8,0.02889392,bid,okx,BTC-USDT,1
2026-03-29T20:19:17.524806+00:00,66449.7,0.1,bid,okx,BTC-USDT,1
2026-03-29T20:19:17.524806+00:00,66449.3,0.10750244,bid,okx,BTC-USDT,1
2026-03-29T20:19:17.524806+00:00,66449.0,0.00295063,bid,okx,BTC-USDT,1
2026-03-29T20:19:17.524806+00:00,66448.7,0.20468491,bid,okx,BTC-USDT,1
2026-03-29T20:19:17.524806+00:00,66448.6,0.0235895,bid,okx,BTC-USDT,1
2026-03-29T20:19:17.524806+00:00,66448.4,0.37261804,bid,okx,BTC-USDT,1
2026-03-29T20:19:17.524806+00:00,66448.0,0.02358936,bid,okx,BTC-USDT,1
2026-03-29T20:19:17.524806+00:00,66447.9,0.0185698,bid,okx,BTC-USDT,1
2026-03-29T20:19:17.524806+00:00,66447.8,0.0479346,bid,okx,BTC-USDT,1
2026-03-29T20:19:17.524806+00:00,66447.4,0.00750216,bid,okx,BTC-USDT,1
2026-03-29T20:19:17.524806+00:00,66446.3,0.02358904,bid,okx,BTC-USDT,1
2026-03-29T20:19:17.524806+00:00,66446.2,0.02358904,bid,okx,BTC-USDT,1
2026-03-29T20:19:17.524806+00:00,66445.9,0.047179,bid,okx,BTC-USDT,1
2026-03-29T20:19:17.524806+00:00,66445.8,0.07227956,bid,okx,BTC-USDT,1
2026-03-29T20:19:17.524806+00:00,66445.7,0.1,bid,okx,BTC-USDT,1
2026-03-29T20:19:17.524806+00:00,66445.0,0.0243451,bid,okx,BTC-USDT,1
2026-03-29T20:19:17.524806+00:00,66444.9,0.0022,bid,okx,BTC-USDT,1
2026-03-29T20:19:17.524806+00:00,66444.8,0.15884383,bid,okx,BTC-USDT,1
2026-03-29T20:19:17.524806+00:00,66443.8,0.1243451,bid,okx,BTC-USDT,1
2026-03-29T20:19:17.524806+00:00,66443.0,1.517e-05,bid,okx,BTC-USDT,1
2026-03-29T20:19:17.524806+00:00,66442.6,0.0243451,bid,okx,BTC-USDT,1
2026-03-29T20:19:17.524806+00:00,66442.3,0.01374129,bid,okx,BTC-USDT,1
2026-03-29T20:19:17.524806+00:00,66442.2,0.1,bid,okx,BTC-USDT,1
2026-03-29T20:19:17.524806+00:00,66442.1,0.00017,bid,okx,BTC-USDT,1
2026-03-29T20:19:17.524806+00:00,66442.0,0.0022,bid,okx,BTC-USDT,1
2026-03-29T20:19:17.524806+00:00,66441.2,0.00750272,bid,okx,BTC-USDT,1
2026-03-29T20:19:17.524806+00:00,66440.5,0.0243451,bid,okx,BTC-USDT,1
2026-03-29T20:19:17.524806+00:00,66440.4,0.007503,bid,okx,BTC-USDT,1
2026-03-29T20:19:17.524806+00:00,66440.0,0.00046162,bid,okx,BTC-USDT,1
2026-03-29T20:19:17.524806+00:00,66439.6,0.1417,bid,okx,BTC-USDT,1
2026-03-29T20:19:17.524806+00:00,66439.2,0.0243451,bid,okx,BTC-USDT,1
2026-03-29T20:19:17.524806+00:00,66439.1,0.18033981,bid,okx,BTC-USDT,1
2026-03-29T20:19:17.524806+00:00,66436.8,0.13525486,bid,okx,BTC-USDT,1
2026-03-29T20:19:17.524806+00:00,66436.6,0.0243451,bid,okx,BTC-USDT,1
2026-03-29T20:19:17.524806+00:00,66436.5,0.0243451,bid,okx,BTC-USDT,1
2026-03-29T20:19:17.524806+00:00,66435.9,0.01855479,bid,okx,BTC-USDT,1
2026-03-29T20:19:17.524806+00:00,66435.7,0.02352741,bid,okx,BTC-USDT,1
2026-03-29T20:19:17.524806+00:00,66435.6,1.517e-05,bid,okx,BTC-USDT,1
2026-03-29T20:19:17.524806+00:00,66434.9,0.00012543,bid,okx,BTC-USDT,1
2026-03-29T20:19:17.524806+00:00,66434.2,0.00285748,bid,okx,BTC-USDT,1
2026-03-29T20:19:17.524806+00:00,66433.7,0.00016,bid,okx,BTC-USDT,1
2026-03-29T20:19:17.524806+00:00,66432.5,0.18042495,bid,okx,BTC-USDT,1
2026-03-29T20:19:17.524806+00:00,66431.8,0.1417,bid,okx,BTC-USDT,1
2026-03-29T20:19:17.524806+00:00,66429.7,0.3,bid,okx,BTC-USDT,1
2026-03-29T20:19:17.524806+00:00,66429.4,1.5e-05,bid,okx,BTC-USDT,1
2026-03-29T20:19:17.524806+00:00,66429.2,0.08220341,bid,okx,BTC-USDT,1
2026-03-29T20:19:17.524806+00:00,66428.8,0.13525486,bid,okx,BTC-USDT,1
2026-03-29T20:19:17.524806+00:00,66428.4,3.72,bid,okx,BTC-USDT,1
2026-03-29T20:19:17.524806+00:00,66427.4,0.014,bid,okx,BTC-USDT,1
2026-03-29T20:19:17.524806+00:00,66425.4,0.00022,bid,okx,BTC-USDT,1
2026-03-29T20:19:17.524806+00:00,66425.2,0.00035224,bid,okx,BTC-USDT,1
2026-03-29T20:19:17.524806+00:00,66425.1,0.1417,bid,okx,BTC-USDT,1
2026-03-29T20:19:17.524806+00:00,66424.7,1.517e-05,bid,okx,BTC-USDT,1
2026-03-29T20:19:17.524806+00:00,66424.2,0.18042495,bid,okx,BTC-USDT,1
2026-03-29T20:19:17.524806+00:00,66423.4,0.54448932,bid,okx,BTC-USDT,1
2026-03-29T20:19:17.524806+00:00,66576.0,0.22112001,ask,okx,BTC-USDT,1
2026-03-29T20:19:17.524806+00:00,66577.0,0.0415,ask,okx,BTC-USDT,1
2026-03-29T20:19:17.524806+00:00,66578.0,0.0415,ask,okx,BTC-USDT,1
2026-03-29T20:19:17.524806+00:00,66578.2,1.514e-05,ask,okx,BTC-USDT,1
2026-03-29T20:19:17.524806+00:00,66579.4,1.5e-05,ask,okx,BTC-USDT,1
2026-03-29T20:19:17.524806+00:00,66580.2,7.606e-05,ask,okx,BTC-USDT,1
2026-03-29T20:19:17.524806+00:00,66580.4,0.01649118,ask,okx,BTC-USDT,1
2026-03-29T20:19:17.524806+00:00,66581.1,0.18,ask,okx,BTC-USDT,1
2026-03-29T20:19:17.524806+00:00,66581.2,0.0416415,ask,okx,BTC-USDT,1
2026-03-29T20:19:17.524806+00:00,66581.3,0.1803184,ask,okx,BTC-USDT,1
2026-03-29T20:19:17.524806+00:00,66581.6,0.3188595,ask,okx,BTC-USDT,1
2026-03-29T20:19:17.524806+00:00,66581.9,1.514e-05,ask,okx,BTC-USDT,1
2026-03-29T20:19:17.524806+00:00,66582.1,1.00092867,ask,okx,BTC-USDT,1
2026-03-29T20:19:17.524806+00:00,66582.2,0.0015,ask,okx,BTC-USDT,1
2026-03-29T20:19:17.524806+00:00,66582.8,0.00015065,ask,okx,BTC-USDT,1
2026-03-29T20:19:17.524806+00:00,66583.1,0.0022,ask,okx,BTC-USDT,1
2026-03-29T20:19:17.524806+00:00,66583.3,0.0030054,ask,okx,BTC-USDT,1
2026-03-29T20:19:17.524806+00:00,66585.5,1.514e-05,ask,okx,BTC-USDT,1
2026-03-29T20:19:17.524806+00:00,66586.0,0.00751471,ask,okx,BTC-USDT,1
2026-03-29T20:19:17.524806+00:00,66586.1,0.12719254,ask,okx,BTC-USDT,1
2026-03-29T20:19:17.524806+00:00,66586.5,0.00090764,ask,okx,BTC-USDT,1
2026-03-29T20:19:17.524806+00:00,66586.6,0.00215189,ask,okx,BTC-USDT,1
2026-03-29T20:19:17.524806+00:00,66586.7,0.1803184,ask,okx,BTC-USDT,1
2026-03-29T20:19:17.524806+00:00,66586.8,0.1417,ask,okx,BTC-USDT,1
2026-03-29T20:19:17.524806+00:00,66587.3,2.463e-05,ask,okx,BTC-USDT,1
2026-03-29T20:19:17.524806+00:00,66587.5,0.00229442,ask,okx,BTC-USDT,1
2026-03-29T20:19:17.524806+00:00,66587.9,0.00061003,ask,okx,BTC-USDT,1
2026-03-29T20:19:17.524806+00:00,66588.0,1.062e-05,ask,okx,BTC-USDT,1
2026-03-29T20:19:17.524806+00:00,66588.3,4.947e-05,ask,okx,BTC-USDT,1
2026-03-29T20:19:17.524806+00:00,66588.6,1.244e-05,ask,okx,BTC-USDT,1
2026-03-29T20:19:17.524806+00:00,66588.9,0.00050403,ask,okx,BTC-USDT,1
2026-03-29T20:19:17.524806+00:00,66589.1,0.02061861,ask,okx,BTC-USDT,1
2026-03-29T20:19:17.524806+00:00,66589.2,0.06806284,ask,okx,BTC-USDT,1
2026-03-29T20:19:17.524806+00:00,66589.3,1.614e-05,ask,okx,BTC-USDT,1
2026-03-29T20:19:17.524806+00:00,66589.4,0.00046412,ask,okx,BTC-USDT,1
2026-03-29T20:19:17.524806+00:00,66589.5,3.274e-05,ask,okx,BTC-USDT,1
2026-03-29T20:19:17.524806+00:00,66589.7,4.132e-05,ask,okx,BTC-USDT,1
2026-03-29T20:19:17.524806+00:00,66590.5,1.05e-05,ask,okx,BTC-USDT,1
2026-03-29T20:19:17.524806+00:00,66590.7,0.00038208,ask,okx,BTC-USDT,1
2026-03-29T20:19:17.524806+00:00,66590.9,0.01078292,ask,okx,BTC-USDT,1
2026-03-29T20:19:17.524806+00:00,66591.1,0.04090684,ask,okx,BTC-USDT,1
2026-03-29T20:19:17.524806+00:00,66591.3,0.09044,ask,okx,BTC-USDT,1
2026-03-29T20:19:17.524806+00:00,66591.5,0.00027463,ask,okx,BTC-USDT,1
2026-03-29T20:19:17.524806+00:00,66591.6,1.285e-05,ask,okx,BTC-USDT,1
2026-03-29T20:19:17.524806+00:00,66591.7,0.00751629,ask,okx,BTC-USDT,1
2026-03-29T20:19:17.524806+00:00,66591.8,0.00029264,ask,okx,BTC-USDT,1
2026-03-29T20:19:17.524806+00:00,66592.1,0.00109428,ask,okx,BTC-USDT,1
2026-03-29T20:19:17.524806+00:00,66592.4,0.00046429,ask,okx,BTC-USDT,1
2026-03-29T20:19:17.524806+00:00,66592.8,1.5e-05,ask,okx,BTC-USDT,1
2026-03-29T20:19:17.524806+00:00,66592.9,1.514e-05,ask,okx,BTC-USDT,1
2026-03-29T20:19:17.524806+00:00,66593.5,4.905e-05,ask,okx,BTC-USDT,1
2026-03-29T20:19:17.524806+00:00,66593.8,5.804e-05,ask,okx,BTC-USDT,1
2026-03-29T20:19:17.524806+00:00,66594.0,0.27055435,ask,okx,BTC-USDT,1
2026-03-29T20:19:17.524806+00:00,66594.1,0.30065662,ask,okx,BTC-USDT,1
2026-03-29T20:19:17.524806+00:00,66594.2,0.18033981,ask,okx,BTC-USDT,1
2026-03-29T20:19:17.524806+00:00,66594.5,0.00174587,ask,okx,BTC-USDT,1
2026-03-29T20:19:17.524806+00:00,66594.7,0.1417,ask,okx,BTC-USDT,1
2026-03-29T20:19:17.524806+00:00,66594.9,3.381e-05,ask,okx,BTC-USDT,1
2026-03-29T20:19:17.524806+00:00,66595.5,0.19208507,ask,okx,BTC-USDT,1
2026-03-29T20:19:17.524806+00:00,66595.6,0.00092411,ask,okx,BTC-USDT,1
2026-03-29T20:19:17.524806+00:00,66595.7,0.00653658,ask,okx,BTC-USDT,1
2026-03-29T20:19:17.524806+00:00,66595.9,0.00015324,ask,okx,BTC-USDT,1
2026-03-29T20:19:17.524806+00:00,66596.0,0.000146,ask,okx,BTC-USDT,1
2026-03-29T20:19:17.524806+00:00,66596.1,4.474e-05,ask,okx,BTC-USDT,1
2026-03-29T20:19:17.524806+00:00,66596.3,0.07519918,ask,okx,BTC-USDT,1
2026-03-29T20:19:17.524806+00:00,66596.5,1.514e-05,ask,okx,BTC-USDT,1
2026-03-29T20:19:17.524806+00:00,66596.7,0.0060308,ask,okx,BTC-USDT,1
2026-03-29T20:19:17.524806+00:00,66596.9,0.00033204,ask,okx,BTC-USDT,1
2026-03-29T20:19:17.524806+00:00,66597.0,9.532e-05,ask,okx,BTC-USDT,1
2026-03-29T20:19:17.524806+00:00,66597.2,0.00034141,ask,okx,BTC-USDT,1
2026-03-29T20:19:17.524806+00:00,66597.5,1.01e-05,ask,okx,BTC-USDT,1
2026-03-29T20:19:17.524806+00:00,66597.9,4.188e-05,ask,okx,BTC-USDT,1
2026-03-29T20:19:17.524806+00:00,66598.1,0.00298855,ask,okx,BTC-USDT,1
2026-03-29T20:19:17.524806+00:00,66598.5,0.00103535,ask,okx,BTC-USDT,1
2026-03-29T20:19:17.524806+00:00,66598.7,4.621e-05,ask,okx,BTC-USDT,1
2026-03-29T20:19:17.524806+00:00,66599.1,1.827e-05,ask,okx,BTC-USDT,1
2026-03-29T20:19:17.524806+00:00,66599.5,1.5e-05,ask,okx,BTC-USDT,1
2026-03-29T20:19:17.524806+00:00,66599.9,0.18090463,ask,okx,BTC-USDT,1
2026-03-29T20:19:17.524806+00:00,66600.0,0.30398742,ask,okx,BTC-USDT,1
2026-03-29T20:19:17.524806+00:00,66600.1,1.056e-05,ask,okx,BTC-USDT,1
2026-03-29T20:19:17.524806+00:00,66600.2,1.514e-05,ask,okx,BTC-USDT,1
2026-03-29T20:19:17.524806+00:00,66600.3,1.566e-05,ask,okx,BTC-USDT,1
2026-03-29T20:19:17.524806+00:00,66600.4,0.00019222,ask,okx,BTC-USDT,1
2026-03-29T20:19:17.524806+00:00,66600.7,0.00100381,ask,okx,BTC-USDT,1
2026-03-29T20:19:17.524806+00:00,66600.9,2.603e-05,ask,okx,BTC-USDT,1
2026-03-29T20:19:17.524806+00:00,66601.0,1.364e-05,ask,okx,BTC-USDT,1
2026-03-29T20:19:17.524806+00:00,66601.4,0.1417,ask,okx,BTC-USDT,1
2026-03-29T20:19:17.524806+00:00,66602.4,2.025e-05,ask,okx,BTC-USDT,1
2026-03-29T20:19:17.524806+00:00,66602.5,0.00014806,ask,okx,BTC-USDT,1
2026-03-29T20:19:17.524806+00:00,66602.7,0.18033648,ask,okx,BTC-USDT,1
2026-03-29T20:19:17.524806+00:00,66602.9,0.00034629,ask,okx,BTC-USDT,1
2026-03-29T20:19:17.524806+00:00,66603.0,0.17781,ask,okx,BTC-USDT,1
2026-03-29T20:19:17.524806+00:00,66603.4,0.0066,ask,okx,BTC-USDT,1
2026-03-29T20:19:17.524806+00:00,66603.6,0.18033981,ask,okx,BTC-USDT,1
2026-03-29T20:19:17.524806+00:00,66604.2,0.00021193,ask,okx,BTC-USDT,1
2026-03-29T20:19:17.524806+00:00,66604.3,0.00063439,ask,okx,BTC-USDT,1
2026-03-29T20:19:17.524806+00:00,66605.0,0.01326182,ask,okx,BTC-USDT,1
2026-03-29T20:19:17.524806+00:00,66605.2,0.00028589,ask,okx,BTC-USDT,1
2026-03-29T20:19:17.524806+00:00,66605.6,1.055e-05,ask,okx,BTC-USDT,1
2026-03-29T20:19:17.524806+00:00,66605.9,2.119e-05,ask,okx,BTC-USDT,1
2026-03-29T20:19:17.524806+00:00,66606.2,1.5e-05,ask,okx,BTC-USDT,1
2026-03-29T20:19:17.524806+00:00,66606.3,2.113e-05,ask,okx,BTC-USDT,1
2026-03-29T20:19:17.524806+00:00,66606.4,0.00026808,ask,okx,BTC-USDT,1
2026-03-29T20:19:17.524806+00:00,66606.9,0.0001003,ask,okx,BTC-USDT,1
2026-03-29T20:19:17.524806+00:00,66607.0,0.24040015,ask,okx,BTC-USDT,1
2026-03-29T20:19:17.524806+00:00,66607.1,0.00045011,ask,okx,BTC-USDT,1
2026-03-29T20:19:17.524806+00:00,66607.2,0.00017327,ask,okx,BTC-USDT,1
2026-03-29T20:19:17.524806+00:00,66607.5,0.1289993,ask,okx,BTC-USDT,1
2026-03-29T20:19:17.524806+00:00,66607.7,0.03047105,ask,okx,BTC-USDT,1
2026-03-29T20:19:17.524806+00:00,66607.8,2.041e-05,ask,okx,BTC-USDT,1
2026-03-29T20:19:17.524806+00:00,66607.9,0.12303664,ask,okx,BTC-USDT,1
2026-03-29T20:19:17.524806+00:00,66608.1,0.1417,ask,okx,BTC-USDT,1
2026-03-29T20:19:17.524806+00:00,66608.6,0.00012538,ask,okx,BTC-USDT,1
2026-03-29T20:19:17.524806+00:00,66608.7,0.00110625,ask,okx,BTC-USDT,1
2026-03-29T20:19:17.524806+00:00,66609.0,1.239e-05,ask,okx,BTC-USDT,1
2026-03-29T20:19:17.524806+00:00,66609.3,0.18039261,ask,okx,BTC-USDT,1
2026-03-29T20:19:17.524806+00:00,66609.4,0.02614323,ask,okx,BTC-USDT,1
2026-03-29T20:19:17.524806+00:00,66609.5,0.00113599,ask,okx,BTC-USDT,1
2026-03-29T20:19:17.524806+00:00,66609.6,0.00237673,ask,okx,BTC-USDT,1
2026-03-29T20:19:17.524806+00:00,66609.7,7.251e-05,ask,okx,BTC-USDT,1
2026-03-29T20:19:17.524806+00:00,66610.0,5.046e-05,ask,okx,BTC-USDT,1
2026-03-29T20:19:17.524806+00:00,66610.1,0.00786573,ask,okx,BTC-USDT,1
2026-03-29T20:19:17.524806+00:00,66610.3,0.01423215,ask,okx,BTC-USDT,1
2026-03-29T20:19:17.524806+00:00,66610.5,0.02781201,ask,okx,BTC-USDT,1
2026-03-29T20:19:17.524806+00:00,66610.6,0.06681288,ask,okx,BTC-USDT,1
2026-03-29T20:19:17.524806+00:00,66610.7,0.0001,ask,okx,BTC-USDT,1
2026-03-29T20:19:17.524806+00:00,66610.8,0.12452368,ask,okx,BTC-USDT,1
2026-03-29T20:19:17.524806+00:00,66610.9,0.18034239,ask,okx,BTC-USDT,1
2026-03-29T20:19:17.524806+00:00,66611.0,0.00061295,ask,okx,BTC-USDT,1
2026-03-29T20:19:17.524806+00:00,66611.1,2.889e-05,ask,okx,BTC-USDT,1
2026-03-29T20:19:17.524806+00:00,66611.2,1.514e-05,ask,okx,BTC-USDT,1
2026-03-29T20:19:17.524806+00:00,66611.3,2.258e-05,ask,okx,BTC-USDT,1
2026-03-29T20:19:17.524806+00:00,66611.6,0.00261126,ask,okx,BTC-USDT,1
2026-03-29T20:19:17.524806+00:00,66611.8,0.0066,ask,okx,BTC-USDT,1
2026-03-29T20:19:17.524806+00:00,66612.0,1.034e-05,ask,okx,BTC-USDT,1
2026-03-29T20:19:17.524806+00:00,66612.5,0.00015832,ask,okx,BTC-USDT,1
2026-03-29T20:19:17.524806+00:00,66612.8,0.00600484,ask,okx,BTC-USDT,1
2026-03-29T20:19:17.524806+00:00,66612.9,2.631e-05,ask,okx,BTC-USDT,1
2026-03-29T20:19:17.524806+00:00,66613.0,8.219e-05,ask,okx,BTC-USDT,1
2026-03-29T20:19:17.524806+00:00,66613.1,0.18351949,ask,okx,BTC-USDT,1
2026-03-29T20:19:17.524806+00:00,66613.4,0.01458902,ask,okx,BTC-USDT,1
2026-03-29T20:19:17.524806+00:00,66613.5,3e-05,ask,okx,BTC-USDT,1
2026-03-29T20:19:17.524806+00:00,66613.6,3.302e-05,ask,okx,BTC-USDT,1
2026-03-29T20:19:17.524806+00:00,66613.7,0.01214982,ask,okx,BTC-USDT,1
2026-03-29T20:19:17.524806+00:00,66613.8,0.00490435,ask,okx,BTC-USDT,1
2026-03-29T20:19:17.524806+00:00,66613.9,1.151e-05,ask,okx,BTC-USDT,1
2026-03-29T20:19:17.524806+00:00,66614.0,1.525e-05,ask,okx,BTC-USDT,1
2026-03-29T20:19:17.524806+00:00,66614.2,0.00763398,ask,okx,BTC-USDT,1
2026-03-29T20:19:17.524806+00:00,66614.4,2.831e-05,ask,okx,BTC-USDT,1
2026-03-29T20:19:17.524806+00:00,66614.5,0.16702832,ask,okx,BTC-USDT,1
2026-03-29T20:19:17.524806+00:00,66614.7,0.18033981,ask,okx,BTC-USDT,1
2026-03-29T20:19:17.524806+00:00,66614.8,0.14171514,ask,okx,BTC-USDT,1
2026-03-29T20:19:17.524806+00:00,66615.0,1e-05,ask,okx,BTC-USDT,1
2026-03-29T20:19:17.524806+00:00,66615.1,0.00083275,ask,okx,BTC-USDT,1
2026-03-29T20:19:17.524806+00:00,66615.3,0.0018231,ask,okx,BTC-USDT,1
2026-03-29T20:19:17.524806+00:00,66615.5,8.485e-05,ask,okx,BTC-USDT,1
2026-03-29T20:19:17.524806+00:00,66615.6,0.07066,ask,okx,BTC-USDT,1
2026-03-29T20:19:17.524806+00:00,66615.8,0.1803184,ask,okx,BTC-USDT,1
2026-03-29T20:19:17.524806+00:00,66615.9,2.011e-05,ask,okx,BTC-USDT,1
2026-03-29T20:19:17.524806+00:00,66616.0,0.09392142,ask,okx,BTC-USDT,1
2026-03-29T20:19:17.524806+00:00,66616.1,0.00029124,ask,okx,BTC-USDT,1
2026-03-29T20:19:17.524806+00:00,66616.5,1.919e-05,ask,okx,BTC-USDT,1
2026-03-29T20:19:17.524806+00:00,66616.6,1.005e-05,ask,okx,BTC-USDT,1
2026-03-29T20:19:17.524806+00:00,66617.1,0.00115092,ask,okx,BTC-USDT,1
2026-03-29T20:19:17.524806+00:00,66617.2,0.00063388,ask,okx,BTC-USDT,1
2026-03-29T20:19:17.524806+00:00,66617.3,1.058e-05,ask,okx,BTC-USDT,1
2026-03-29T20:19:17.524806+00:00,66617.6,0.0009514,ask,okx,BTC-USDT,1
2026-03-29T20:19:17.524806+00:00,66618.2,0.00016983,ask,okx,BTC-USDT,1
2026-03-29T20:19:17.524806+00:00,66618.3,8.527e-05,ask,okx,BTC-USDT,1
2026-03-29T20:19:17.524806+00:00,66618.5,1.514e-05,ask,okx,BTC-USDT,1
2026-03-29T20:19:17.524806+00:00,66618.7,0.00286616,ask,okx,BTC-USDT,1
2026-03-29T20:19:17.524806+00:00,66619.2,4.418e-05,ask,okx,BTC-USDT,1
2026-03-29T20:19:17.524806+00:00,66619.4,9.741e-05,ask,okx,BTC-USDT,1
2026-03-29T20:19:17.524806+00:00,66619.6,1.5e-05,ask,okx,BTC-USDT,1
2026-03-29T20:19:17.524806+00:00,66619.7,3.656e-05,ask,okx,BTC-USDT,1
2026-03-29T20:19:17.524806+00:00,66619.9,1.123e-05,ask,okx,BTC-USDT,1
2026-03-29T20:19:17.524806+00:00,66620.0,0.00112317,ask,okx,BTC-USDT,1
2026-03-29T20:19:17.524806+00:00,66620.1,2.173e-05,ask,okx,BTC-USDT,1
2026-03-29T20:19:17.524806+00:00,66620.2,3.655e-05,ask,okx,BTC-USDT,1
2026-03-29T20:19:17.524806+00:00,66620.3,0.05383557,ask,okx,BTC-USDT,1
2026-03-29T20:19:17.524806+00:00,66620.4,0.1803184,ask,okx,BTC-USDT,1
2026-03-29T20:19:17.524806+00:00,66620.5,0.05767879,ask,okx,BTC-USDT,1
2026-03-29T20:19:17.524806+00:00,66620.6,0.00055802,ask,okx,BTC-USDT,1
2026-03-29T20:19:17.524806+00:00,66620.9,5.549e-05,ask,okx,BTC-USDT,1
2026-03-29T20:19:17.524806+00:00,66621.2,7.763e-05,ask,okx,BTC-USDT,1
2026-03-29T20:19:17.524806+00:00,66621.4,7.064e-05,ask,okx,BTC-USDT,1
2026-03-29T20:19:17.524806+00:00,66621.5,0.14198211,ask,okx,BTC-USDT,1
2026-03-29T20:19:17.524806+00:00,66621.6,0.0151551,ask,okx,BTC-USDT,1
2026-03-29T20:19:17.524806+00:00,66621.7,1.007e-05,ask,okx,BTC-USDT,1
2026-03-29T20:19:17.524806+00:00,66622.0,1.006e-05,ask,okx,BTC-USDT,1
2026-03-29T20:19:17.524806+00:00,66622.2,1.583e-05,ask,okx,BTC-USDT,1
2026-03-29T20:19:17.524806+00:00,66622.4,1.097e-05,ask,okx,BTC-USDT,1
2026-03-29T20:19:17.524806+00:00,66622.5,0.00189718,ask,okx,BTC-USDT,1
2026-03-29T20:19:17.524806+00:00,66622.7,0.01326182,ask,okx,BTC-USDT,1
2026-03-29T20:19:17.524806+00:00,66623.1,8.25e-05,ask,okx,BTC-USDT,1
2026-03-29T20:19:17.524806+00:00,66623.4,7e-05,ask,okx,BTC-USDT,1
2026-03-29T20:19:17.524806+00:00,66623.5,2.924e-05,ask,okx,BTC-USDT,1
2026-03-29T20:19:17.524806+00:00,66623.6,8.818e-05,ask,okx,BTC-USDT,1
2026-03-29T20:19:17.524806+00:00,66623.7,0.01855479,ask,okx,BTC-USDT,1
2026-03-29T20:19:17.524806+00:00,66623.8,0.01202152,ask,okx,BTC-USDT,1
2026-03-29T20:19:17.524806+00:00,66623.9,0.00012889,ask,okx,BTC-USDT,1
2026-03-29T20:19:17.524806+00:00,66624.0,0.05852904,ask,okx,BTC-USDT,1
2026-03-29T20:19:17.524806+00:00,66624.1,0.18033981,ask,okx,BTC-USDT,1
2026-03-29T20:19:17.524806+00:00,66624.3,2.222e-05,ask,okx,BTC-USDT,1
2026-03-29T20:19:17.524806+00:00,66624.7,1.001e-05,ask,okx,BTC-USDT,1
2026-03-29T20:19:17.524806+00:00,66624.8,1.067e-05,ask,okx,BTC-USDT,1
2026-03-29T20:19:17.524806+00:00,66624.9,0.00175035,ask,okx,BTC-USDT,1
2026-03-29T20:19:17.524806+00:00,66625.0,0.00013193,ask,okx,BTC-USDT,1
2026-03-29T20:19:17.524806+00:00,66625.1,0.00020723,ask,okx,BTC-USDT,1
2026-03-29T20:19:17.524806+00:00,66625.2,0.00051198,ask,okx,BTC-USDT,1
2026-03-29T20:19:17.524806+00:00,66625.8,1.514e-05,ask,okx,BTC-USDT,1
2026-03-29T20:19:17.524806+00:00,66626.3,1.5e-05,ask,okx,BTC-USDT,1
2026-03-29T20:19:17.524806+00:00,66626.4,0.00124624,ask,okx,BTC-USDT,1
2026-03-29T20:19:17.524806+00:00,66626.7,0.00019598,ask,okx,BTC-USDT,1
2026-03-29T20:19:17.524806+00:00,66626.8,1.702e-05,ask,okx,BTC-USDT,1
2026-03-29T20:19:17.524806+00:00,66626.9,2.228e-05,ask,okx,BTC-USDT,1
2026-03-29T20:19:17.524806+00:00,66627.1,0.00010948,ask,okx,BTC-USDT,1
2026-03-29T20:19:17.524806+00:00,66627.3,0.00079633,ask,okx,BTC-USDT,1
2026-03-29T20:19:17.524806+00:00,66627.5,0.16468792,ask,okx,BTC-USDT,1
2026-03-29T20:19:17.524806+00:00,66627.8,0.08696,ask,okx,BTC-USDT,1
2026-03-29T20:19:17.524806+00:00,66627.9,0.13527137,ask,okx,BTC-USDT,1
2026-03-29T20:19:17.524806+00:00,66628.0,1.845e-05,ask,okx,BTC-USDT,1
2026-03-29T20:19:17.524806+00:00,66628.1,0.70023834,ask,okx,BTC-USDT,1
2026-03-29T20:19:17.524806+00:00,66628.2,0.14299917,ask,okx,BTC-USDT,1
2026-03-29T20:19:17.524806+00:00,66628.3,0.00442089,ask,okx,BTC-USDT,1
2026-03-29T20:19:17.524806+00:00,66629.0,0.00076195,ask,okx,BTC-USDT,1
