timestamp,price,quantity,side,venue,symbol,snapshot_id
2026-03-29T20:25:26.640386+00:00,66697.26,0.003,bid,binance,BTCUSDT,0
2026-03-29T20:25:26.640386+00:00,66697.25,0.44097,bid,binance,BTCUSDT,0
2026-03-29T20:25:26.640386+00:00,66692.01,0.03751,bid,binance,BTCUSDT,0
2026-03-29T20:25:26.640386+00:00,66688.9,0.00018,bid,binance,BTCUSDT,0
2026-03-29T20:25:26.640386+00:00,66650.18,0.00107,bid,binance,BTCUSDT,0
2026-03-29T20:25:26.640386+00:00,66629.82,0.1502,bid,binance,BTCUSDT,0
2026-03-29T20:25:26.640386+00:00,66556.09,0.11115,bid,binance,BTCUSDT,0
2026-03-29T20:25:26.640386+00:00,66556.08,3e-05,bid,binance,BTCUSDT,0
2026-03-29T20:25:26.640386+00:00,66517.31,0.03601,bid,binance,BTCUSDT,0
2026-03-29T20:25:26.640386+00:00,66517.3,0.75228,bid,binance,BTCUSDT,0
2026-03-29T20:25:26.640386+00:00,66500.0,0.0003,bid,binance,BTCUSDT,0
2026-03-29T20:25:26.640386+00:00,66439.7,0.11243,bid,binance,BTCUSDT,0
2026-03-29T20:25:26.640386+00:00,66435.82,0.7532,bid,binance,BTCUSDT,0
2026-03-29T20:25:26.640386+00:00,66424.1,0.11282,bid,binance,BTCUSDT,0
2026-03-29T20:25:26.640386+00:00,66341.53,0.03748,bid,binance,BTCUSDT,0
2026-03-29T20:25:26.640386+00:00,66341.52,0.00013,bid,binance,BTCUSDT,0
2026-03-29T20:25:26.640386+00:00,66329.27,4e-05,bid,binance,BTCUSDT,0
2026-03-29T20:25:26.640386+00:00,66322.4,0.16188,bid,binance,BTCUSDT,0
2026-03-29T20:25:26.640386+00:00,66312.48,0.00207,bid,binance,BTCUSDT,0
2026-03-29T20:25:26.640386+00:00,66250.11,0.00142,bid,binance,BTCUSDT,0
2026-03-29T20:25:26.640386+00:00,66250.0,0.0015,bid,binance,BTCUSDT,0
2026-03-29T20:25:26.640386+00:00,66196.49,0.00018,bid,binance,BTCUSDT,0
2026-03-29T20:25:26.640386+00:00,66180.0,0.01133,bid,binance,BTCUSDT,0
2026-03-29T20:25:26.640386+00:00,66122.69,0.00228,bid,binance,BTCUSDT,0
2026-03-29T20:25:26.640386+00:00,66120.39,0.00012,bid,binance,BTCUSDT,0
2026-03-29T20:25:26.640386+00:00,66083.83,0.01521,bid,binance,BTCUSDT,0
2026-03-29T20:25:26.640386+00:00,66073.79,0.00227,bid,binance,BTCUSDT,0
2026-03-29T20:25:26.640386+00:00,66000.0,0.41013,bid,binance,BTCUSDT,0
2026-03-29T20:25:26.640386+00:00,65963.83,0.00592,bid,binance,BTCUSDT,0
2026-03-29T20:25:26.640386+00:00,65945.85,0.00013,bid,binance,BTCUSDT,0
2026-03-29T20:25:26.640386+00:00,65936.13,4e-05,bid,binance,BTCUSDT,0
2026-03-29T20:25:26.640386+00:00,65893.26,0.00303,bid,binance,BTCUSDT,0
2026-03-29T20:25:26.640386+00:00,65892.43,0.00158,bid,binance,BTCUSDT,0
2026-03-29T20:25:26.640386+00:00,65889.08,0.00209,bid,binance,BTCUSDT,0
2026-03-29T20:25:26.640386+00:00,65871.1,0.00174,bid,binance,BTCUSDT,0
2026-03-29T20:25:26.640386+00:00,65801.68,0.00018,bid,binance,BTCUSDT,0
2026-03-29T20:25:26.640386+00:00,65791.31,0.00087,bid,binance,BTCUSDT,0
2026-03-29T20:25:26.640386+00:00,65780.0,0.0007,bid,binance,BTCUSDT,0
2026-03-29T20:25:26.640386+00:00,65777.0,0.00304,bid,binance,BTCUSDT,0
2026-03-29T20:25:26.640386+00:00,65774.42,0.00307,bid,binance,BTCUSDT,0
2026-03-29T20:25:26.640386+00:00,65772.73,0.00013,bid,binance,BTCUSDT,0
2026-03-29T20:25:26.640386+00:00,65720.99,0.00015,bid,binance,BTCUSDT,0
2026-03-29T20:25:26.640386+00:00,65714.29,0.01073,bid,binance,BTCUSDT,0
2026-03-29T20:25:26.640386+00:00,65708.34,0.00012,bid,binance,BTCUSDT,0
2026-03-29T20:25:26.640386+00:00,65666.0,0.0038,bid,binance,BTCUSDT,0
2026-03-29T20:25:26.640386+00:00,65552.53,0.00013,bid,binance,BTCUSDT,0
2026-03-29T20:25:26.640386+00:00,65545.32,4e-05,bid,binance,BTCUSDT,0
2026-03-29T20:25:26.640386+00:00,65539.77,0.00039,bid,binance,BTCUSDT,0
2026-03-29T20:25:26.640386+00:00,65500.0,0.01512,bid,binance,BTCUSDT,0
2026-03-29T20:25:26.640386+00:00,65490.33,0.0001,bid,binance,BTCUSDT,0
2026-03-29T20:25:26.640386+00:00,65472.0,7e-05,bid,binance,BTCUSDT,0
2026-03-29T20:25:26.640386+00:00,65468.38,0.0021,bid,binance,BTCUSDT,0
2026-03-29T20:25:26.640386+00:00,65432.1,0.0006,bid,binance,BTCUSDT,0
2026-03-29T20:25:26.640386+00:00,65432.0,0.0002,bid,binance,BTCUSDT,0
2026-03-29T20:25:26.640386+00:00,65422.41,0.0008,bid,binance,BTCUSDT,0
2026-03-29T20:25:26.640386+00:00,65409.22,0.00018,bid,binance,BTCUSDT,0
2026-03-29T20:25:26.640386+00:00,65392.03,0.00158,bid,binance,BTCUSDT,0
2026-03-29T20:25:26.640386+00:00,65389.21,0.0062,bid,binance,BTCUSDT,0
2026-03-29T20:25:26.640386+00:00,65370.2,0.00147,bid,binance,BTCUSDT,0
2026-03-29T20:25:26.640386+00:00,65369.0,0.001,bid,binance,BTCUSDT,0
2026-03-29T20:25:26.640386+00:00,65365.48,0.00017,bid,binance,BTCUSDT,0
2026-03-29T20:25:26.640386+00:00,65361.83,0.00015,bid,binance,BTCUSDT,0
2026-03-29T20:25:26.640386+00:00,65344.52,0.00042,bid,binance,BTCUSDT,0
2026-03-29T20:25:26.640386+00:00,65338.15,0.04744,bid,binance,BTCUSDT,0
2026-03-29T20:25:26.640386+00:00,65337.0,0.00052,bid,binance,BTCUSDT,0
2026-03-29T20:25:26.640386+00:00,65324.67,0.0046,bid,binance,BTCUSDT,0
2026-03-29T20:25:26.640386+00:00,65298.86,0.00012,bid,binance,BTCUSDT,0
2026-03-29T20:25:26.640386+00:00,65258.15,0.00133,bid,binance,BTCUSDT,0
2026-03-29T20:25:26.640386+00:00,65237.88,0.00133,bid,binance,BTCUSDT,0
2026-03-29T20:25:26.640386+00:00,65226.66,0.00032,bid,binance,BTCUSDT,0
2026-03-29T20:25:26.640386+00:00,65221.46,0.00382,bid,binance,BTCUSDT,0
2026-03-29T20:25:26.640386+00:00,65207.35,0.00016,bid,binance,BTCUSDT,0
2026-03-29T20:25:26.640386+00:00,65200.0,0.0044,bid,binance,BTCUSDT,0
2026-03-29T20:25:26.640386+00:00,65181.61,0.00044,bid,binance,BTCUSDT,0
2026-03-29T20:25:26.640386+00:00,65161.56,0.00013,bid,binance,BTCUSDT,0
2026-03-29T20:25:26.640386+00:00,65158.27,0.00045,bid,binance,BTCUSDT,0
2026-03-29T20:25:26.640386+00:00,65156.82,4e-05,bid,binance,BTCUSDT,0
2026-03-29T20:25:26.640386+00:00,65141.65,0.00029,bid,binance,BTCUSDT,0
2026-03-29T20:25:26.640386+00:00,65124.91,0.00087,bid,binance,BTCUSDT,0
2026-03-29T20:25:26.640386+00:00,65111.32,0.00064,bid,binance,BTCUSDT,0
2026-03-29T20:25:26.640386+00:00,65111.06,0.0615,bid,binance,BTCUSDT,0
2026-03-29T20:25:26.640386+00:00,65100.0,0.00384,bid,binance,BTCUSDT,0
2026-03-29T20:25:26.640386+00:00,65058.16,0.00184,bid,binance,BTCUSDT,0
2026-03-29T20:25:26.640386+00:00,65056.0,0.00073,bid,binance,BTCUSDT,0
2026-03-29T20:25:26.640386+00:00,65035.7,0.00015,bid,binance,BTCUSDT,0
2026-03-29T20:25:26.640386+00:00,65019.11,0.00018,bid,binance,BTCUSDT,0
2026-03-29T20:25:26.640386+00:00,65000.69,0.00153,bid,binance,BTCUSDT,0
2026-03-29T20:25:26.640386+00:00,65000.0,1.76185,bid,binance,BTCUSDT,0
2026-03-29T20:25:26.640386+00:00,64914.0,0.0007,bid,binance,BTCUSDT,0
2026-03-29T20:25:26.640386+00:00,64906.33,0.00047,bid,binance,BTCUSDT,0
2026-03-29T20:25:26.640386+00:00,64895.43,0.00158,bid,binance,BTCUSDT,0
2026-03-29T20:25:26.640386+00:00,64891.93,0.00012,bid,binance,BTCUSDT,0
2026-03-29T20:25:26.640386+00:00,64881.55,0.0006,bid,binance,BTCUSDT,0
2026-03-29T20:25:26.640386+00:00,64866.94,7e-05,bid,binance,BTCUSDT,0
2026-03-29T20:25:26.640386+00:00,64853.78,0.00042,bid,binance,BTCUSDT,0
2026-03-29T20:25:26.640386+00:00,64784.5,0.0001,bid,binance,BTCUSDT,0
2026-03-29T20:25:26.640386+00:00,64772.93,0.00013,bid,binance,BTCUSDT,0
2026-03-29T20:25:26.640386+00:00,64770.63,4e-05,bid,binance,BTCUSDT,0
2026-03-29T20:25:26.640386+00:00,64700.04,0.00024,bid,binance,BTCUSDT,0
2026-03-29T20:25:26.640386+00:00,64700.0,0.0022,bid,binance,BTCUSDT,0
2026-03-29T20:25:26.640386+00:00,64681.82,0.00013,bid,binance,BTCUSDT,0
2026-03-29T20:25:26.640386+00:00,64666.0,0.01082,bid,binance,BTCUSDT,0
2026-03-29T20:25:26.640386+00:00,64657.48,0.00098,bid,binance,BTCUSDT,0
2026-03-29T20:25:26.640386+00:00,64634.43,0.00124,bid,binance,BTCUSDT,0
2026-03-29T20:25:26.640386+00:00,64631.32,0.00018,bid,binance,BTCUSDT,0
2026-03-29T20:25:26.640386+00:00,64615.97,0.00122,bid,binance,BTCUSDT,0
2026-03-29T20:25:26.640386+00:00,64585.86,0.00054,bid,binance,BTCUSDT,0
2026-03-29T20:25:26.640386+00:00,64555.11,0.00072,bid,binance,BTCUSDT,0
2026-03-29T20:25:26.640386+00:00,64555.01,0.00139,bid,binance,BTCUSDT,0
2026-03-29T20:25:26.640386+00:00,64537.0,0.00027,bid,binance,BTCUSDT,0
2026-03-29T20:25:26.640386+00:00,64533.62,0.00109,bid,binance,BTCUSDT,0
2026-03-29T20:25:26.640386+00:00,64497.87,0.00019,bid,binance,BTCUSDT,0
2026-03-29T20:25:26.640386+00:00,64481.55,0.0003,bid,binance,BTCUSDT,0
2026-03-29T20:25:26.640386+00:00,64402.6,0.00158,bid,binance,BTCUSDT,0
2026-03-29T20:25:26.640386+00:00,64386.72,4e-05,bid,binance,BTCUSDT,0
2026-03-29T20:25:26.640386+00:00,64355.36,0.00039,bid,binance,BTCUSDT,0
2026-03-29T20:25:26.640386+00:00,64343.83,0.00015,bid,binance,BTCUSDT,0
2026-03-29T20:25:26.640386+00:00,64285.71,0.01073,bid,binance,BTCUSDT,0
2026-03-29T20:25:26.640386+00:00,64245.85,0.00018,bid,binance,BTCUSDT,0
2026-03-29T20:25:26.640386+00:00,64200.0,0.0023,bid,binance,BTCUSDT,0
2026-03-29T20:25:26.640386+00:00,64176.66,0.00532,bid,binance,BTCUSDT,0
2026-03-29T20:25:26.640386+00:00,64123.0,0.00155,bid,binance,BTCUSDT,0
2026-03-29T20:25:26.640386+00:00,64100.0,0.00156,bid,binance,BTCUSDT,0
2026-03-29T20:25:26.640386+00:00,64078.68,0.0001,bid,binance,BTCUSDT,0
2026-03-29T20:25:26.640386+00:00,64005.09,4e-05,bid,binance,BTCUSDT,0
2026-03-29T20:25:26.640386+00:00,64000.0,0.17927,bid,binance,BTCUSDT,0
2026-03-29T20:25:26.640386+00:00,63941.66,0.0004,bid,binance,BTCUSDT,0
2026-03-29T20:25:26.640386+00:00,63913.52,0.00159,bid,binance,BTCUSDT,0
2026-03-29T20:25:26.640386+00:00,63863.27,0.00027,bid,binance,BTCUSDT,0
2026-03-29T20:25:26.640386+00:00,63862.67,0.00018,bid,binance,BTCUSDT,0
2026-03-29T20:25:26.640386+00:00,63814.0,0.00015,bid,binance,BTCUSDT,0
2026-03-29T20:25:26.640386+00:00,63796.11,0.00019,bid,binance,BTCUSDT,0
2026-03-29T20:25:26.640386+00:00,63792.0,0.00012,bid,binance,BTCUSDT,0
2026-03-29T20:25:26.640386+00:00,63751.34,0.00073,bid,binance,BTCUSDT,0
2026-03-29T20:25:26.640386+00:00,63750.0,0.03529,bid,binance,BTCUSDT,0
2026-03-29T20:25:26.640386+00:00,63700.0,0.0024,bid,binance,BTCUSDT,0
2026-03-29T20:25:26.640386+00:00,63666.0,0.01256,bid,binance,BTCUSDT,0
2026-03-29T20:25:26.640386+00:00,63651.96,0.00015,bid,binance,BTCUSDT,0
2026-03-29T20:25:26.640386+00:00,63636.0,0.008,bid,binance,BTCUSDT,0
2026-03-29T20:25:26.640386+00:00,63625.73,4e-05,bid,binance,BTCUSDT,0
2026-03-29T20:25:26.640386+00:00,63595.77,0.00045,bid,binance,BTCUSDT,0
2026-03-29T20:25:26.640386+00:00,63590.91,0.00013,bid,binance,BTCUSDT,0
2026-03-29T20:25:26.640386+00:00,63582.02,0.00057,bid,binance,BTCUSDT,0
2026-03-29T20:25:26.640386+00:00,63560.96,0.00046,bid,binance,BTCUSDT,0
2026-03-29T20:25:26.640386+00:00,63516.23,5e-05,bid,binance,BTCUSDT,0
2026-03-29T20:25:26.640386+00:00,63513.78,0.00066,bid,binance,BTCUSDT,0
2026-03-29T20:25:26.640386+00:00,63500.0,0.00236,bid,binance,BTCUSDT,0
2026-03-29T20:25:26.640386+00:00,63481.78,0.00018,bid,binance,BTCUSDT,0
2026-03-29T20:25:26.640386+00:00,63458.76,0.00488,bid,binance,BTCUSDT,0
2026-03-29T20:25:26.640386+00:00,63428.15,0.00158,bid,binance,BTCUSDT,0
2026-03-29T20:25:26.640386+00:00,63387.14,0.001,bid,binance,BTCUSDT,0
2026-03-29T20:25:26.640386+00:00,63369.05,0.00526,bid,binance,BTCUSDT,0
2026-03-29T20:25:26.640386+00:00,63369.0,0.00082,bid,binance,BTCUSDT,0
2026-03-29T20:25:26.640386+00:00,63337.0,0.00025,bid,binance,BTCUSDT,0
2026-03-29T20:25:26.640386+00:00,63303.61,0.01486,bid,binance,BTCUSDT,0
2026-03-29T20:25:26.640386+00:00,63287.47,0.00011,bid,binance,BTCUSDT,0
2026-03-29T20:25:26.640386+00:00,63248.61,4e-05,bid,binance,BTCUSDT,0
2026-03-29T20:25:26.640386+00:00,63215.0,0.00158,bid,binance,BTCUSDT,0
2026-03-29T20:25:26.640386+00:00,63208.63,0.01068,bid,binance,BTCUSDT,0
2026-03-29T20:25:26.640386+00:00,63200.0,0.02408,bid,binance,BTCUSDT,0
2026-03-29T20:25:26.640386+00:00,63185.82,0.00041,bid,binance,BTCUSDT,0
2026-03-29T20:25:26.640386+00:00,63157.88,0.00039,bid,binance,BTCUSDT,0
2026-03-29T20:25:26.640386+00:00,63118.52,0.00554,bid,binance,BTCUSDT,0
2026-03-29T20:25:26.640386+00:00,63111.06,0.0634,bid,binance,BTCUSDT,0
2026-03-29T20:25:26.640386+00:00,63103.16,0.00018,bid,binance,BTCUSDT,0
2026-03-29T20:25:26.640386+00:00,63101.99,0.00019,bid,binance,BTCUSDT,0
2026-03-29T20:25:26.640386+00:00,63101.0,0.00699,bid,binance,BTCUSDT,0
2026-03-29T20:25:26.640386+00:00,63100.0,0.00801,bid,binance,BTCUSDT,0
2026-03-29T20:25:26.640386+00:00,63047.83,0.036,bid,binance,BTCUSDT,0
2026-03-29T20:25:26.640386+00:00,63033.0,0.001,bid,binance,BTCUSDT,0
2026-03-29T20:25:26.640386+00:00,63019.88,0.005,bid,binance,BTCUSDT,0
2026-03-29T20:25:26.640386+00:00,63000.01,0.00027,bid,binance,BTCUSDT,0
2026-03-29T20:25:26.640386+00:00,63000.0,0.29782,bid,binance,BTCUSDT,0
2026-03-29T20:25:26.640386+00:00,62999.99,0.25574,bid,binance,BTCUSDT,0
2026-03-29T20:25:26.640386+00:00,62946.47,0.00158,bid,binance,BTCUSDT,0
2026-03-29T20:25:26.640386+00:00,62899.6,0.14785,bid,binance,BTCUSDT,0
2026-03-29T20:25:26.640386+00:00,62899.58,0.15898,bid,binance,BTCUSDT,0
2026-03-29T20:25:26.640386+00:00,62873.72,4e-05,bid,binance,BTCUSDT,0
2026-03-29T20:25:26.640386+00:00,62857.14,0.01073,bid,binance,BTCUSDT,0
2026-03-29T20:25:26.640386+00:00,62726.8,0.00019,bid,binance,BTCUSDT,0
2026-03-29T20:25:26.640386+00:00,62700.0,0.0026,bid,binance,BTCUSDT,0
2026-03-29T20:25:26.640386+00:00,62678.0,0.01138,bid,binance,BTCUSDT,0
2026-03-29T20:25:26.640386+00:00,62666.0,0.01595,bid,binance,BTCUSDT,0
2026-03-29T20:25:26.640386+00:00,62646.6,0.305,bid,binance,BTCUSDT,0
2026-03-29T20:25:26.640386+00:00,62583.37,0.00164,bid,binance,BTCUSDT,0
2026-03-29T20:25:26.640386+00:00,62555.0,12.42256,bid,binance,BTCUSDT,0
2026-03-29T20:25:26.640386+00:00,62537.03,0.00036,bid,binance,BTCUSDT,0
2026-03-29T20:25:26.640386+00:00,62501.06,4e-05,bid,binance,BTCUSDT,0
2026-03-29T20:25:26.640386+00:00,62500.0,0.13333,bid,binance,BTCUSDT,0
2026-03-29T20:25:26.640386+00:00,62472.0,0.00011,bid,binance,BTCUSDT,0
2026-03-29T20:25:26.640386+00:00,62468.44,0.00158,bid,binance,BTCUSDT,0
2026-03-29T20:25:26.640386+00:00,62454.82,0.00154,bid,binance,BTCUSDT,0
2026-03-29T20:25:26.640386+00:00,62415.42,0.00018,bid,binance,BTCUSDT,0
2026-03-29T20:25:26.640386+00:00,62382.52,0.00041,bid,binance,BTCUSDT,0
2026-03-29T20:25:26.640386+00:00,62352.68,0.00019,bid,binance,BTCUSDT,0
2026-03-29T20:25:26.640386+00:00,62345.0,0.002,bid,binance,BTCUSDT,0
2026-03-29T20:25:26.640386+00:00,62337.93,0.06629,bid,binance,BTCUSDT,0
2026-03-29T20:25:26.640386+00:00,62200.0,0.0027,bid,binance,BTCUSDT,0
2026-03-29T20:25:26.640386+00:00,62190.86,0.00085,bid,binance,BTCUSDT,0
2026-03-29T20:25:26.640386+00:00,62150.0,0.00321,bid,binance,BTCUSDT,0
2026-03-29T20:25:26.640386+00:00,62141.77,0.00102,bid,binance,BTCUSDT,0
2026-03-29T20:25:26.640386+00:00,62130.61,4e-05,bid,binance,BTCUSDT,0
2026-03-29T20:25:26.640386+00:00,62123.0,0.002,bid,binance,BTCUSDT,0
2026-03-29T20:25:26.640386+00:00,62100.0,0.00322,bid,binance,BTCUSDT,0
2026-03-29T20:25:26.640386+00:00,62081.7,0.099,bid,binance,BTCUSDT,0
2026-03-29T20:25:26.640386+00:00,62048.52,0.00046,bid,binance,BTCUSDT,0
2026-03-29T20:25:26.640386+00:00,62026.0,0.001,bid,binance,BTCUSDT,0
2026-03-29T20:25:26.640386+00:00,62002.79,0.00048,bid,binance,BTCUSDT,0
2026-03-29T20:25:26.640386+00:00,62001.0,0.00824,bid,binance,BTCUSDT,0
2026-03-29T20:25:26.640386+00:00,62000.0,0.22909,bid,binance,BTCUSDT,0
2026-03-29T20:25:26.640386+00:00,61994.04,0.00158,bid,binance,BTCUSDT,0
2026-03-29T20:25:26.640386+00:00,61982.69,0.00039,bid,binance,BTCUSDT,0
2026-03-29T20:25:26.640386+00:00,61980.8,0.00019,bid,binance,BTCUSDT,0
2026-03-29T20:25:26.640386+00:00,61955.44,0.00067,bid,binance,BTCUSDT,0
2026-03-29T20:25:26.640386+00:00,61918.97,0.01114,bid,binance,BTCUSDT,0
2026-03-29T20:25:26.640386+00:00,61888.0,0.00481,bid,binance,BTCUSDT,0
2026-03-29T20:25:26.640386+00:00,61863.21,0.00141,bid,binance,BTCUSDT,0
2026-03-29T20:25:26.640386+00:00,61844.0,0.0014,bid,binance,BTCUSDT,0
2026-03-29T20:25:26.640386+00:00,61810.74,0.0015,bid,binance,BTCUSDT,0
2026-03-29T20:25:26.640386+00:00,61762.35,4e-05,bid,binance,BTCUSDT,0
2026-03-29T20:25:26.640386+00:00,61736.32,0.00018,bid,binance,BTCUSDT,0
2026-03-29T20:25:26.640386+00:00,61726.54,0.00966,bid,binance,BTCUSDT,0
2026-03-29T20:25:26.640386+00:00,61699.0,0.00618,bid,binance,BTCUSDT,0
2026-03-29T20:25:26.640386+00:00,61666.0,0.01945,bid,binance,BTCUSDT,0
2026-03-29T20:25:26.640386+00:00,61611.13,0.00019,bid,binance,BTCUSDT,0
2026-03-29T20:25:26.640386+00:00,61593.03,0.00488,bid,binance,BTCUSDT,0
2026-03-29T20:25:26.640386+00:00,61523.25,0.00158,bid,binance,BTCUSDT,0
2026-03-29T20:25:26.640386+00:00,61517.74,0.00128,bid,binance,BTCUSDT,0
2026-03-29T20:25:26.640386+00:00,61500.0,0.00768,bid,binance,BTCUSDT,0
2026-03-29T20:25:26.640386+00:00,61479.88,0.00044,bid,binance,BTCUSDT,0
2026-03-29T20:25:26.640386+00:00,61428.57,0.01073,bid,binance,BTCUSDT,0
2026-03-29T20:25:26.640386+00:00,61399.99,0.26241,bid,binance,BTCUSDT,0
2026-03-29T20:25:26.640386+00:00,61396.28,4e-05,bid,binance,BTCUSDT,0
2026-03-29T20:25:26.640386+00:00,61304.54,0.02302,bid,binance,BTCUSDT,0
2026-03-29T20:25:26.640386+00:00,61251.0,0.04562,bid,binance,BTCUSDT,0
2026-03-29T20:25:26.640386+00:00,61243.67,0.00019,bid,binance,BTCUSDT,0
2026-03-29T20:25:26.640386+00:00,61231.65,0.00455,bid,binance,BTCUSDT,0
2026-03-29T20:25:26.640386+00:00,61200.0,0.02024,bid,binance,BTCUSDT,0
2026-03-29T20:25:26.640386+00:00,61111.06,0.0557,bid,binance,BTCUSDT,0
2026-03-29T20:25:26.640386+00:00,61064.61,0.00018,bid,binance,BTCUSDT,0
2026-03-29T20:25:26.640386+00:00,61056.03,0.00158,bid,binance,BTCUSDT,0
2026-03-29T20:25:26.640386+00:00,61032.38,4e-05,bid,binance,BTCUSDT,0
2026-03-29T20:25:26.640386+00:00,61019.0,0.001,bid,binance,BTCUSDT,0
2026-03-29T20:25:26.640386+00:00,61002.43,0.08,bid,binance,BTCUSDT,0
2026-03-29T20:25:26.640386+00:00,61001.0,0.00738,bid,binance,BTCUSDT,0
2026-03-29T20:25:26.640386+00:00,61000.69,0.00163,bid,binance,BTCUSDT,0
2026-03-29T20:25:26.640386+00:00,61000.0,0.61076,bid,binance,BTCUSDT,0
2026-03-29T20:25:26.640386+00:00,60981.14,0.00951,bid,binance,BTCUSDT,0
2026-03-29T20:25:26.640386+00:00,60920.86,0.00104,bid,binance,BTCUSDT,0
2026-03-29T20:25:26.640386+00:00,60908.73,0.00057,bid,binance,BTCUSDT,0
2026-03-29T20:25:26.640386+00:00,60878.4,0.00019,bid,binance,BTCUSDT,0
2026-03-29T20:25:26.640386+00:00,60861.4,0.00043,bid,binance,BTCUSDT,0
2026-03-29T20:25:26.640386+00:00,60838.87,0.00053,bid,binance,BTCUSDT,0
2026-03-29T20:25:26.640386+00:00,60829.37,0.00038,bid,binance,BTCUSDT,0
2026-03-29T20:25:26.640386+00:00,60775.0,0.00016,bid,binance,BTCUSDT,0
2026-03-29T20:25:26.640386+00:00,60717.02,0.01646,bid,binance,BTCUSDT,0
2026-03-29T20:25:26.640386+00:00,60670.63,4e-05,bid,binance,BTCUSDT,0
2026-03-29T20:25:26.640386+00:00,60666.0,0.02472,bid,binance,BTCUSDT,0
2026-03-29T20:25:26.640386+00:00,60663.95,0.00103,bid,binance,BTCUSDT,0
2026-03-29T20:25:26.640386+00:00,60592.36,0.00158,bid,binance,BTCUSDT,0
2026-03-29T20:25:26.640386+00:00,60550.0,0.01651,bid,binance,BTCUSDT,0
2026-03-29T20:25:26.640386+00:00,60538.91,0.00047,bid,binance,BTCUSDT,0
2026-03-29T20:25:26.640386+00:00,60515.31,0.00019,bid,binance,BTCUSDT,0
2026-03-29T20:25:26.640386+00:00,60500.0,1.5318,bid,binance,BTCUSDT,0
2026-03-29T20:25:26.640386+00:00,60482.83,0.00049,bid,binance,BTCUSDT,0
2026-03-29T20:25:26.640386+00:00,60435.32,0.00069,bid,binance,BTCUSDT,0
2026-03-29T20:25:26.640386+00:00,60408.29,0.09496,bid,binance,BTCUSDT,0
2026-03-29T20:25:26.640386+00:00,60400.21,0.00018,bid,binance,BTCUSDT,0
2026-03-29T20:25:26.640386+00:00,60369.0,0.003,bid,binance,BTCUSDT,0
2026-03-29T20:25:26.640386+00:00,60327.83,0.00455,bid,binance,BTCUSDT,0
2026-03-29T20:25:26.640386+00:00,60311.03,4e-05,bid,binance,BTCUSDT,0
2026-03-29T20:25:26.640386+00:00,60250.0,0.01,bid,binance,BTCUSDT,0
2026-03-29T20:25:26.640386+00:00,60200.0,0.12285,bid,binance,BTCUSDT,0
2026-03-29T20:25:26.640386+00:00,60154.38,0.00019,bid,binance,BTCUSDT,0
2026-03-29T20:25:26.640386+00:00,60150.0,0.03325,bid,binance,BTCUSDT,0
2026-03-29T20:25:26.640386+00:00,60132.21,0.00158,bid,binance,BTCUSDT,0
2026-03-29T20:25:26.640386+00:00,60128.32,0.16631,bid,binance,BTCUSDT,0
2026-03-29T20:25:26.640386+00:00,60105.0,0.00499,bid,binance,BTCUSDT,0
2026-03-29T20:25:26.640386+00:00,60101.0,3.0,bid,binance,BTCUSDT,0
2026-03-29T20:25:26.640386+00:00,60100.0,0.00793,bid,binance,BTCUSDT,0
2026-03-29T20:25:26.640386+00:00,60040.02,0.00421,bid,binance,BTCUSDT,0
2026-03-29T20:25:26.640386+00:00,60024.78,0.00131,bid,binance,BTCUSDT,0
2026-03-29T20:25:26.640386+00:00,60002.43,0.08133,bid,binance,BTCUSDT,0
2026-03-29T20:25:26.640386+00:00,60000.0,0.95468,bid,binance,BTCUSDT,0
2026-03-29T20:25:26.640386+00:00,59990.0,0.075,bid,binance,BTCUSDT,0
2026-03-29T20:25:26.640386+00:00,59953.55,4e-05,bid,binance,BTCUSDT,0
2026-03-29T20:25:26.640386+00:00,59947.1,0.00065,bid,binance,BTCUSDT,0
2026-03-29T20:25:26.640386+00:00,59900.0,0.001,bid,binance,BTCUSDT,0
2026-03-29T20:25:26.640386+00:00,59795.61,0.00019,bid,binance,BTCUSDT,0
2026-03-29T20:25:26.640386+00:00,59766.28,0.00066,bid,binance,BTCUSDT,0
2026-03-29T20:25:26.640386+00:00,59743.03,0.00019,bid,binance,BTCUSDT,0
2026-03-29T20:25:26.640386+00:00,59723.94,0.00106,bid,binance,BTCUSDT,0
2026-03-29T20:25:26.640386+00:00,59716.31,0.00212,bid,binance,BTCUSDT,0
2026-03-29T20:25:26.640386+00:00,59700.0,0.0001,bid,binance,BTCUSDT,0
2026-03-29T20:25:26.640386+00:00,59694.44,0.00038,bid,binance,BTCUSDT,0
2026-03-29T20:25:26.640386+00:00,59676.04,0.00039,bid,binance,BTCUSDT,0
2026-03-29T20:25:26.640386+00:00,59666.0,0.02513,bid,binance,BTCUSDT,0
2026-03-29T20:25:26.640386+00:00,59598.2,4e-05,bid,binance,BTCUSDT,0
2026-03-29T20:25:26.640386+00:00,59586.0,0.00066,bid,binance,BTCUSDT,0
2026-03-29T20:25:26.640386+00:00,59500.0,0.02216,bid,binance,BTCUSDT,0
2026-03-29T20:25:26.640386+00:00,59490.0,0.00711,bid,binance,BTCUSDT,0
2026-03-29T20:25:26.640386+00:00,59438.97,0.0002,bid,binance,BTCUSDT,0
2026-03-29T20:25:26.640386+00:00,59377.37,0.00044,bid,binance,BTCUSDT,0
2026-03-29T20:25:26.640386+00:00,59300.65,0.00212,bid,binance,BTCUSDT,0
2026-03-29T20:25:26.640386+00:00,59266.0,0.05,bid,binance,BTCUSDT,0
2026-03-29T20:25:26.640386+00:00,59250.0,0.00591,bid,binance,BTCUSDT,0
2026-03-29T20:25:26.640386+00:00,59244.96,4e-05,bid,binance,BTCUSDT,0
2026-03-29T20:25:26.640386+00:00,59218.44,0.00234,bid,binance,BTCUSDT,0
2026-03-29T20:25:26.640386+00:00,59141.84,0.00016,bid,binance,BTCUSDT,0
2026-03-29T20:25:26.640386+00:00,59111.06,0.04738,bid,binance,BTCUSDT,0
2026-03-29T20:25:26.640386+00:00,59100.0,0.16926,bid,binance,BTCUSDT,0
2026-03-29T20:25:26.640386+00:00,59093.01,0.00019,bid,binance,BTCUSDT,0
2026-03-29T20:25:26.640386+00:00,59084.47,0.0002,bid,binance,BTCUSDT,0
2026-03-29T20:25:26.640386+00:00,59066.03,0.00048,bid,binance,BTCUSDT,0
2026-03-29T20:25:26.640386+00:00,59030.79,0.00033,bid,binance,BTCUSDT,0
2026-03-29T20:25:26.640386+00:00,59007.0,0.017,bid,binance,BTCUSDT,0
2026-03-29T20:25:26.640386+00:00,59001.65,0.00102,bid,binance,BTCUSDT,0
2026-03-29T20:25:26.640386+00:00,59000.13,0.0005,bid,binance,BTCUSDT,0
2026-03-29T20:25:26.640386+00:00,59000.0,0.65936,bid,binance,BTCUSDT,0
2026-03-29T20:25:26.640386+00:00,58975.0,0.00813,bid,binance,BTCUSDT,0
2026-03-29T20:25:26.640386+00:00,58952.51,0.00071,bid,binance,BTCUSDT,0
2026-03-29T20:25:26.640386+00:00,58901.8,0.17354,bid,binance,BTCUSDT,0
2026-03-29T20:25:26.640386+00:00,58893.8,4e-05,bid,binance,BTCUSDT,0
2026-03-29T20:25:26.640386+00:00,58888.88,0.00229,bid,binance,BTCUSDT,0
2026-03-29T20:25:26.640386+00:00,58884.99,0.00212,bid,binance,BTCUSDT,0
2026-03-29T20:25:26.640386+00:00,58881.49,0.00033,bid,binance,BTCUSDT,0
2026-03-29T20:25:26.640386+00:00,58860.0,7e-05,bid,binance,BTCUSDT,0
2026-03-29T20:25:26.640386+00:00,58732.08,0.0002,bid,binance,BTCUSDT,0
2026-03-29T20:25:26.640386+00:00,58704.04,0.00017,bid,binance,BTCUSDT,0
2026-03-29T20:25:26.640386+00:00,58666.0,0.04261,bid,binance,BTCUSDT,0
2026-03-29T20:25:26.640386+00:00,58600.0,0.00427,bid,binance,BTCUSDT,0
2026-03-29T20:25:26.640386+00:00,58568.05,0.00135,bid,binance,BTCUSDT,0
2026-03-29T20:25:26.640386+00:00,58550.54,0.00108,bid,binance,BTCUSDT,0
2026-03-29T20:25:26.640386+00:00,58550.0,0.00025,bid,binance,BTCUSDT,0
2026-03-29T20:25:26.640386+00:00,58544.73,4e-05,bid,binance,BTCUSDT,0
2026-03-29T20:25:26.640386+00:00,58544.58,0.00039,bid,binance,BTCUSDT,0
2026-03-29T20:25:26.640386+00:00,58500.0,0.08432,bid,binance,BTCUSDT,0
2026-03-29T20:25:26.640386+00:00,58468.28,0.00149,bid,binance,BTCUSDT,0
2026-03-29T20:25:26.640386+00:00,58450.12,0.00148,bid,binance,BTCUSDT,0
2026-03-29T20:25:26.640386+00:00,58450.06,0.00019,bid,binance,BTCUSDT,0
2026-03-29T20:25:26.640386+00:00,58381.78,0.0002,bid,binance,BTCUSDT,0
2026-03-29T20:25:26.640386+00:00,58350.99,0.00344,bid,binance,BTCUSDT,0
2026-03-29T20:25:26.640386+00:00,58347.84,0.00059,bid,binance,BTCUSDT,0
2026-03-29T20:25:26.640386+00:00,58200.0,8e-05,bid,binance,BTCUSDT,0
2026-03-29T20:25:26.640386+00:00,58197.73,4e-05,bid,binance,BTCUSDT,0
2026-03-29T20:25:26.640386+00:00,58139.86,0.00069,bid,binance,BTCUSDT,0
2026-03-29T20:25:26.640386+00:00,58105.98,0.00047,bid,binance,BTCUSDT,0
2026-03-29T20:25:26.640386+00:00,58100.0,0.1,bid,binance,BTCUSDT,0
2026-03-29T20:25:26.640386+00:00,58060.0,0.07955,bid,binance,BTCUSDT,0
2026-03-29T20:25:26.640386+00:00,58033.58,0.0002,bid,binance,BTCUSDT,0
2026-03-29T20:25:26.640386+00:00,58000.0,0.46151,bid,binance,BTCUSDT,0
2026-03-29T20:25:26.640386+00:00,57993.25,8e-05,bid,binance,BTCUSDT,0
2026-03-29T20:25:26.640386+00:00,57929.52,0.00045,bid,binance,BTCUSDT,0
2026-03-29T20:25:26.640386+00:00,57895.0,0.00825,bid,binance,BTCUSDT,0
2026-03-29T20:25:26.640386+00:00,57881.0,0.00017,bid,binance,BTCUSDT,0
2026-03-29T20:25:26.640386+00:00,57852.78,4e-05,bid,binance,BTCUSDT,0
2026-03-29T20:25:26.640386+00:00,57814.1,0.00019,bid,binance,BTCUSDT,0
2026-03-29T20:25:26.640386+00:00,57777.0,0.17506,bid,binance,BTCUSDT,0
2026-03-29T20:25:26.640386+00:00,57703.85,0.0006,bid,binance,BTCUSDT,0
2026-03-29T20:25:26.640386+00:00,57687.46,0.0002,bid,binance,BTCUSDT,0
2026-03-29T20:25:26.640386+00:00,57666.0,0.06936,bid,binance,BTCUSDT,0
2026-03-29T20:25:26.640386+00:00,57628.98,0.0005,bid,binance,BTCUSDT,0
2026-03-29T20:25:26.640386+00:00,57596.01,0.0024,bid,binance,BTCUSDT,0
2026-03-29T20:25:26.640386+00:00,57553.77,0.00051,bid,binance,BTCUSDT,0
2026-03-29T20:25:26.640386+00:00,57509.88,4e-05,bid,binance,BTCUSDT,0
2026-03-29T20:25:26.640386+00:00,57506.08,0.00073,bid,binance,BTCUSDT,0
2026-03-29T20:25:26.640386+00:00,57500.0,0.03538,bid,binance,BTCUSDT,0
2026-03-29T20:25:26.640386+00:00,57434.57,0.00039,bid,binance,BTCUSDT,0
2026-03-29T20:25:26.640386+00:00,57401.0,0.01,bid,binance,BTCUSDT,0
2026-03-29T20:25:26.640386+00:00,57400.19,0.00111,bid,binance,BTCUSDT,0
2026-03-29T20:25:26.640386+00:00,57395.43,0.0006,bid,binance,BTCUSDT,0
2026-03-29T20:25:26.640386+00:00,57343.4,0.0002,bid,binance,BTCUSDT,0
2026-03-29T20:25:26.640386+00:00,57250.0,0.00699,bid,binance,BTCUSDT,0
2026-03-29T20:25:26.640386+00:00,57212.0,0.21371,bid,binance,BTCUSDT,0
2026-03-29T20:25:26.640386+00:00,57185.07,0.0002,bid,binance,BTCUSDT,0
2026-03-29T20:25:26.640386+00:00,57169.01,4e-05,bid,binance,BTCUSDT,0
2026-03-29T20:25:26.640386+00:00,57146.68,0.00138,bid,binance,BTCUSDT,0
2026-03-29T20:25:26.640386+00:00,57111.06,0.04904,bid,binance,BTCUSDT,0
2026-03-29T20:25:26.640386+00:00,57099.03,0.0004,bid,binance,BTCUSDT,0
2026-03-29T20:25:26.640386+00:00,57088.66,0.00061,bid,binance,BTCUSDT,0
2026-03-29T20:25:26.640386+00:00,57001.39,0.0002,bid,binance,BTCUSDT,0
2026-03-29T20:25:26.640386+00:00,57000.0,0.01516,bid,binance,BTCUSDT,0
2026-03-29T20:25:26.640386+00:00,56830.16,4e-05,bid,binance,BTCUSDT,0
2026-03-29T20:25:26.640386+00:00,56783.53,0.00061,bid,binance,BTCUSDT,0
2026-03-29T20:25:26.640386+00:00,56688.88,0.01254,bid,binance,BTCUSDT,0
2026-03-29T20:25:26.640386+00:00,56666.0,0.08823,bid,binance,BTCUSDT,0
2026-03-29T20:25:26.640386+00:00,56661.42,0.00021,bid,binance,BTCUSDT,0
2026-03-29T20:25:26.640386+00:00,56624.15,0.00163,bid,binance,BTCUSDT,0
2026-03-29T20:25:26.640386+00:00,56562.88,0.00019,bid,binance,BTCUSDT,0
2026-03-29T20:25:26.640386+00:00,56516.98,0.00046,bid,binance,BTCUSDT,0
2026-03-29T20:25:26.640386+00:00,56500.0,0.0099,bid,binance,BTCUSDT,0
2026-03-29T20:25:26.640386+00:00,56493.32,4e-05,bid,binance,BTCUSDT,0
2026-03-29T20:25:26.640386+00:00,56480.03,0.00061,bid,binance,BTCUSDT,0
2026-03-29T20:25:26.640386+00:00,56345.61,0.00039,bid,binance,BTCUSDT,0
2026-03-29T20:25:26.640386+00:00,56323.48,0.00021,bid,binance,BTCUSDT,0
2026-03-29T20:25:26.640386+00:00,56300.0,0.00355,bid,binance,BTCUSDT,0
2026-03-29T20:25:26.640386+00:00,56272.44,0.00113,bid,binance,BTCUSDT,0
2026-03-29T20:25:26.640386+00:00,56243.99,0.00195,bid,binance,BTCUSDT,0
2026-03-29T20:25:26.640386+00:00,56226.9,0.00051,bid,binance,BTCUSDT,0
2026-03-29T20:25:26.640386+00:00,56213.0,0.00889,bid,binance,BTCUSDT,0
2026-03-29T20:25:26.640386+00:00,56178.15,0.00062,bid,binance,BTCUSDT,0
2026-03-29T20:25:26.640386+00:00,56158.48,4e-05,bid,binance,BTCUSDT,0
2026-03-29T20:25:26.640386+00:00,56142.87,0.00053,bid,binance,BTCUSDT,0
2026-03-29T20:25:26.640386+00:00,56101.0,4.0,bid,binance,BTCUSDT,0
2026-03-29T20:25:26.640386+00:00,56095.13,0.00074,bid,binance,BTCUSDT,0
2026-03-29T20:25:26.640386+00:00,56000.0,2.19388,bid,binance,BTCUSDT,0
2026-03-29T20:25:26.640386+00:00,55987.56,0.00021,bid,binance,BTCUSDT,0
2026-03-29T20:25:26.640386+00:00,55877.88,0.00062,bid,binance,BTCUSDT,0
2026-03-29T20:25:26.640386+00:00,55825.62,4e-05,bid,binance,BTCUSDT,0
2026-03-29T20:25:26.640386+00:00,55759.8,0.00142,bid,binance,BTCUSDT,0
2026-03-29T20:25:26.640386+00:00,55700.0,0.02646,bid,binance,BTCUSDT,0
2026-03-29T20:25:26.640386+00:00,55653.63,0.00021,bid,binance,BTCUSDT,0
2026-03-29T20:25:26.640386+00:00,55600.0,0.01439,bid,binance,BTCUSDT,0
2026-03-29T20:25:26.640386+00:00,55579.22,0.00062,bid,binance,BTCUSDT,0
2026-03-29T20:25:26.640386+00:00,55555.55,0.0034,bid,binance,BTCUSDT,0
2026-03-29T20:25:26.640386+00:00,55555.5,0.00599,bid,binance,BTCUSDT,0
2026-03-29T20:25:26.640386+00:00,55555.0,0.063,bid,binance,BTCUSDT,0
2026-03-29T20:25:26.640386+00:00,55551.06,0.05041,bid,binance,BTCUSDT,0
2026-03-29T20:25:26.640386+00:00,55500.0,0.05896,bid,binance,BTCUSDT,0
2026-03-29T20:25:26.640386+00:00,55494.73,4e-05,bid,binance,BTCUSDT,0
2026-03-29T20:25:26.640386+00:00,55408.29,0.07944,bid,binance,BTCUSDT,0
2026-03-29T20:25:26.640386+00:00,55321.7,0.00021,bid,binance,BTCUSDT,0
2026-03-29T20:25:26.640386+00:00,55282.16,0.00063,bid,binance,BTCUSDT,0
2026-03-29T20:25:26.640386+00:00,55277.29,0.00039,bid,binance,BTCUSDT,0
2026-03-29T20:25:26.640386+00:00,55250.0,8e-05,bid,binance,BTCUSDT,0
2026-03-29T20:25:26.640386+00:00,55225.0,9e-05,bid,binance,BTCUSDT,0
2026-03-29T20:25:26.640386+00:00,55200.0,0.00227,bid,binance,BTCUSDT,0
2026-03-29T20:25:26.640386+00:00,55166.84,0.00115,bid,binance,BTCUSDT,0
2026-03-29T20:25:26.640386+00:00,55165.81,4e-05,bid,binance,BTCUSDT,0
2026-03-29T20:25:26.640386+00:00,55138.88,0.00047,bid,binance,BTCUSDT,0
2026-03-29T20:25:26.640386+00:00,55125.0,0.00018,bid,binance,BTCUSDT,0
2026-03-29T20:25:26.640386+00:00,55124.0,0.36281,bid,binance,BTCUSDT,0
2026-03-29T20:25:26.640386+00:00,55000.0,2.23829,bid,binance,BTCUSDT,0
2026-03-29T20:25:26.640386+00:00,54999.0,0.01,bid,binance,BTCUSDT,0
2026-03-29T20:25:26.640386+00:00,54991.75,0.00021,bid,binance,BTCUSDT,0
2026-03-29T20:25:26.640386+00:00,54986.68,0.00063,bid,binance,BTCUSDT,0
2026-03-29T20:25:26.640386+00:00,54858.93,0.00052,bid,binance,BTCUSDT,0
2026-03-29T20:25:26.640386+00:00,54838.83,4e-05,bid,binance,BTCUSDT,0
2026-03-29T20:25:26.640386+00:00,54766.56,0.00054,bid,binance,BTCUSDT,0
2026-03-29T20:25:26.640386+00:00,54743.72,0.00115,bid,binance,BTCUSDT,0
2026-03-29T20:25:26.640386+00:00,54718.81,0.00076,bid,binance,BTCUSDT,0
2026-03-29T20:25:26.640386+00:00,54692.78,0.00063,bid,binance,BTCUSDT,0
2026-03-29T20:25:26.640386+00:00,54663.77,0.00021,bid,binance,BTCUSDT,0
2026-03-29T20:25:26.640386+00:00,54621.57,0.002,bid,binance,BTCUSDT,0
2026-03-29T20:25:26.640386+00:00,54569.85,0.00092,bid,binance,BTCUSDT,0
2026-03-29T20:25:26.640386+00:00,54513.8,4e-05,bid,binance,BTCUSDT,0
2026-03-29T20:25:26.640386+00:00,54500.0,0.01724,bid,binance,BTCUSDT,0
2026-03-29T20:25:26.640386+00:00,54477.96,0.00138,bid,binance,BTCUSDT,0
2026-03-29T20:25:26.640386+00:00,54406.58,0.00145,bid,binance,BTCUSDT,0
2026-03-29T20:25:26.640386+00:00,54400.46,0.00064,bid,binance,BTCUSDT,0
2026-03-29T20:25:26.640386+00:00,54321.0,0.0007,bid,binance,BTCUSDT,0
2026-03-29T20:25:26.640386+00:00,54229.23,0.00039,bid,binance,BTCUSDT,0
2026-03-29T20:25:26.640386+00:00,54200.0,0.008,bid,binance,BTCUSDT,0
2026-03-29T20:25:26.640386+00:00,54190.69,4e-05,bid,binance,BTCUSDT,0
2026-03-29T20:25:26.640386+00:00,54111.06,0.05175,bid,binance,BTCUSDT,0
2026-03-29T20:25:26.640386+00:00,54109.69,0.00064,bid,binance,BTCUSDT,0
2026-03-29T20:25:26.640386+00:00,54082.97,0.00117,bid,binance,BTCUSDT,0
2026-03-29T20:25:26.640386+00:00,54080.76,0.00202,bid,binance,BTCUSDT,0
2026-03-29T20:25:26.640386+00:00,54036.3,0.00655,bid,binance,BTCUSDT,0
2026-03-29T20:25:26.640386+00:00,54003.98,0.11479,bid,binance,BTCUSDT,0
2026-03-29T20:25:26.640386+00:00,54000.0,3.43929,bid,binance,BTCUSDT,0
2026-03-29T20:25:26.640386+00:00,53923.0,0.05815,bid,binance,BTCUSDT,0
2026-03-29T20:25:26.640386+00:00,53900.0,0.01,bid,binance,BTCUSDT,0
2026-03-29T20:25:26.640386+00:00,53869.49,5e-05,bid,binance,BTCUSDT,0
2026-03-29T20:25:26.640386+00:00,53820.48,0.00064,bid,binance,BTCUSDT,0
2026-03-29T20:25:26.640386+00:00,53794.39,0.00048,bid,binance,BTCUSDT,0
2026-03-29T20:25:26.640386+00:00,53720.8,0.08242,bid,binance,BTCUSDT,0
2026-03-29T20:25:26.640386+00:00,53600.0,0.00373,bid,binance,BTCUSDT,0
2026-03-29T20:25:26.640386+00:00,53550.2,5e-05,bid,binance,BTCUSDT,0
2026-03-29T20:25:26.640386+00:00,53539.95,0.00049,bid,binance,BTCUSDT,0
2026-03-29T20:25:26.640386+00:00,53532.82,0.00065,bid,binance,BTCUSDT,0
2026-03-29T20:25:26.640386+00:00,53524.24,0.00053,bid,binance,BTCUSDT,0
2026-03-29T20:25:26.640386+00:00,53500.0,0.25167,bid,binance,BTCUSDT,0
2026-03-29T20:25:26.640386+00:00,53423.99,0.00055,bid,binance,BTCUSDT,0
2026-03-29T20:25:26.640386+00:00,53376.25,0.00078,bid,binance,BTCUSDT,0
2026-03-29T20:25:26.640386+00:00,53246.69,0.00065,bid,binance,BTCUSDT,0
2026-03-29T20:25:26.640386+00:00,53232.8,5e-05,bid,binance,BTCUSDT,0
2026-03-29T20:25:26.640386+00:00,53201.04,0.00039,bid,binance,BTCUSDT,0
2026-03-29T20:25:26.640386+00:00,53180.68,0.02293,bid,binance,BTCUSDT,0
2026-03-29T20:25:26.640386+00:00,53086.2,0.00149,bid,binance,BTCUSDT,0
2026-03-29T20:25:26.640386+00:00,53020.4,0.0012,bid,binance,BTCUSDT,0
2026-03-29T20:25:26.640386+00:00,53000.0,2.02354,bid,binance,BTCUSDT,0
2026-03-29T20:25:26.640386+00:00,52962.09,0.00066,bid,binance,BTCUSDT,0
2026-03-29T20:25:26.640386+00:00,52917.28,5e-05,bid,binance,BTCUSDT,0
2026-03-29T20:25:26.640386+00:00,52818.88,0.00049,bid,binance,BTCUSDT,0
2026-03-29T20:25:26.640386+00:00,52679.02,0.00066,bid,binance,BTCUSDT,0
2026-03-29T20:25:26.640386+00:00,52652.2,0.01899,bid,binance,BTCUSDT,0
2026-03-29T20:25:26.640386+00:00,52650.0,0.0007,bid,binance,BTCUSDT,0
2026-03-29T20:25:26.640386+00:00,52638.61,0.0005,bid,binance,BTCUSDT,0
2026-03-29T20:25:26.640386+00:00,52603.63,5e-05,bid,binance,BTCUSDT,0
2026-03-29T20:25:26.640386+00:00,52551.06,0.05329,bid,binance,BTCUSDT,0
2026-03-29T20:25:26.640386+00:00,52500.0,0.3459,bid,binance,BTCUSDT,0
2026-03-29T20:25:26.640386+00:00,52482.68,0.00049,bid,binance,BTCUSDT,0
2026-03-29T20:25:26.640386+00:00,52464.59,0.00018,bid,binance,BTCUSDT,0
2026-03-29T20:25:26.640386+00:00,52400.72,0.0002,bid,binance,BTCUSDT,0
2026-03-29T20:25:26.640386+00:00,52397.46,0.00066,bid,binance,BTCUSDT,0
2026-03-29T20:25:26.640386+00:00,52390.58,0.011,bid,binance,BTCUSDT,0
2026-03-29T20:25:26.640386+00:00,52291.84,5e-05,bid,binance,BTCUSDT,0
2026-03-29T20:25:26.640386+00:00,52257.86,0.00097,bid,binance,BTCUSDT,0
2026-03-29T20:25:26.640386+00:00,52250.0,0.009,bid,binance,BTCUSDT,0
2026-03-29T20:25:26.640386+00:00,52222.02,0.00055,bid,binance,BTCUSDT,0
2026-03-29T20:25:26.640386+00:00,52192.34,0.00039,bid,binance,BTCUSDT,0
2026-03-29T20:25:26.640386+00:00,52117.4,0.00067,bid,binance,BTCUSDT,0
2026-03-29T20:25:26.640386+00:00,52114.33,0.00057,bid,binance,BTCUSDT,0
2026-03-29T20:25:26.640386+00:00,52066.64,0.0008,bid,binance,BTCUSDT,0
2026-03-29T20:25:26.640386+00:00,52054.0,0.00315,bid,binance,BTCUSDT,0
2026-03-29T20:25:26.640386+00:00,52000.0,1.35376,bid,binance,BTCUSDT,0
2026-03-29T20:25:26.640386+00:00,51981.9,5e-05,bid,binance,BTCUSDT,0
2026-03-29T20:25:26.640386+00:00,51978.7,0.00122,bid,binance,BTCUSDT,0
2026-03-29T20:25:26.640386+00:00,51838.84,0.00067,bid,binance,BTCUSDT,0
2026-03-29T20:25:26.640386+00:00,51828.76,0.00683,bid,binance,BTCUSDT,0
2026-03-29T20:25:26.640386+00:00,51797.87,0.00152,bid,binance,BTCUSDT,0
2026-03-29T20:25:26.640386+00:00,51700.0,0.00154,bid,binance,BTCUSDT,0
2026-03-29T20:25:26.640386+00:00,51673.8,5e-05,bid,binance,BTCUSDT,0
2026-03-29T20:25:26.640386+00:00,51561.76,0.00067,bid,binance,BTCUSDT,0
2026-03-29T20:25:26.640386+00:00,51500.0,0.07767,bid,binance,BTCUSDT,0
2026-03-29T20:25:26.640386+00:00,51456.0,0.00075,bid,binance,BTCUSDT,0
2026-03-29T20:25:26.640386+00:00,51367.52,5e-05,bid,binance,BTCUSDT,0
2026-03-29T20:25:26.640386+00:00,51346.0,0.03,bid,binance,BTCUSDT,0
2026-03-29T20:25:26.640386+00:00,51300.0,9e-05,bid,binance,BTCUSDT,0
2026-03-29T20:25:26.640386+00:00,51286.17,0.00068,bid,binance,BTCUSDT,0
2026-03-29T20:25:26.640386+00:00,51202.95,0.00051,bid,binance,BTCUSDT,0
2026-03-29T20:25:26.640386+00:00,51202.77,0.00039,bid,binance,BTCUSDT,0
2026-03-29T20:25:26.640386+00:00,51200.0,0.03629,bid,binance,BTCUSDT,0
2026-03-29T20:25:26.640386+00:00,51063.06,5e-05,bid,binance,BTCUSDT,0
2026-03-29T20:25:26.640386+00:00,51051.06,0.05485,bid,binance,BTCUSDT,0
2026-03-29T20:25:26.640386+00:00,51012.05,0.00068,bid,binance,BTCUSDT,0
2026-03-29T20:25:26.640386+00:00,51000.0,0.38445,bid,binance,BTCUSDT,0
2026-03-29T20:25:26.640386+00:00,50957.47,0.00125,bid,binance,BTCUSDT,0
2026-03-29T20:25:26.640386+00:00,50951.48,0.00056,bid,binance,BTCUSDT,0
2026-03-29T20:25:26.640386+00:00,50836.78,0.00058,bid,binance,BTCUSDT,0
2026-03-29T20:25:26.640386+00:00,50800.0,1.05771,bid,binance,BTCUSDT,0
2026-03-29T20:25:26.640386+00:00,50799.61,0.00478,bid,binance,BTCUSDT,0
2026-03-29T20:25:26.640386+00:00,50789.15,0.00082,bid,binance,BTCUSDT,0
2026-03-29T20:25:26.640386+00:00,50760.4,5e-05,bid,binance,BTCUSDT,0
2026-03-29T20:25:26.640386+00:00,50739.4,0.00068,bid,binance,BTCUSDT,0
2026-03-29T20:25:26.640386+00:00,50580.0,0.01077,bid,binance,BTCUSDT,0
2026-03-29T20:25:26.640386+00:00,50555.0,0.002,bid,binance,BTCUSDT,0
2026-03-29T20:25:26.640386+00:00,50540.8,0.00156,bid,binance,BTCUSDT,0
2026-03-29T20:25:26.640386+00:00,50520.0,0.001,bid,binance,BTCUSDT,0
2026-03-29T20:25:26.640386+00:00,50500.0,0.00099,bid,binance,BTCUSDT,0
2026-03-29T20:25:26.640386+00:00,50468.2,0.00069,bid,binance,BTCUSDT,0
2026-03-29T20:25:26.640386+00:00,50459.54,5e-05,bid,binance,BTCUSDT,0
2026-03-29T20:25:26.640386+00:00,50231.96,0.00039,bid,binance,BTCUSDT,0
2026-03-29T20:25:26.640386+00:00,50198.46,0.00069,bid,binance,BTCUSDT,0
2026-03-29T20:25:26.640386+00:00,50160.46,5e-05,bid,binance,BTCUSDT,0
2026-03-29T20:25:26.640386+00:00,50150.0,0.00398,bid,binance,BTCUSDT,0
2026-03-29T20:25:26.640386+00:00,50129.77,0.0499,bid,binance,BTCUSDT,0
2026-03-29T20:25:26.640386+00:00,50111.0,0.46419,bid,binance,BTCUSDT,0
2026-03-29T20:25:26.640386+00:00,50103.86,0.00203,bid,binance,BTCUSDT,0
2026-03-29T20:25:26.640386+00:00,50010.0,0.00481,bid,binance,BTCUSDT,0
2026-03-29T20:25:26.640386+00:00,50000.0,0.42941,bid,binance,BTCUSDT,0
2026-03-29T20:25:26.640386+00:00,49995.01,0.00418,bid,binance,BTCUSDT,0
2026-03-29T20:25:26.640386+00:00,49956.3,0.00127,bid,binance,BTCUSDT,0
2026-03-29T20:25:26.640386+00:00,49954.43,0.00052,bid,binance,BTCUSDT,0
2026-03-29T20:25:26.640386+00:00,49930.15,0.0007,bid,binance,BTCUSDT,0
2026-03-29T20:25:26.640386+00:00,49900.0,0.001,bid,binance,BTCUSDT,0
2026-03-29T20:25:26.640386+00:00,49863.15,5e-05,bid,binance,BTCUSDT,0
2026-03-29T20:25:26.640386+00:00,49863.0,0.01021,bid,binance,BTCUSDT,0
2026-03-29T20:25:26.640386+00:00,49711.86,0.00058,bid,binance,BTCUSDT,0
2026-03-29T20:25:26.640386+00:00,49663.28,0.0007,bid,binance,BTCUSDT,0
2026-03-29T20:25:26.640386+00:00,49621.22,0.00713,bid,binance,BTCUSDT,0
2026-03-29T20:25:26.640386+00:00,49590.54,0.0006,bid,binance,BTCUSDT,0
2026-03-29T20:25:26.640386+00:00,49551.06,0.05651,bid,binance,BTCUSDT,0
2026-03-29T20:25:26.640386+00:00,49543.01,0.00084,bid,binance,BTCUSDT,0
2026-03-29T20:25:26.640386+00:00,49500.0,0.05,bid,binance,BTCUSDT,0
2026-03-29T20:25:26.640386+00:00,49397.84,0.0007,bid,binance,BTCUSDT,0
2026-03-29T20:25:26.640386+00:00,49369.0,0.001,bid,binance,BTCUSDT,0
2026-03-29T20:25:26.640386+00:00,49324.44,0.01704,bid,binance,BTCUSDT,0
2026-03-29T20:25:26.640386+00:00,49314.94,0.00011,bid,binance,BTCUSDT,0
2026-03-29T20:25:26.640386+00:00,49314.24,0.0016,bid,binance,BTCUSDT,0
2026-03-29T20:25:26.640386+00:00,49279.56,0.00039,bid,binance,BTCUSDT,0
2026-03-29T20:25:26.640386+00:00,49241.35,0.00051,bid,binance,BTCUSDT,0
2026-03-29T20:25:26.640386+00:00,49133.81,0.00071,bid,binance,BTCUSDT,0
2026-03-29T20:25:26.640386+00:00,49100.0,0.04073,bid,binance,BTCUSDT,0
2026-03-29T20:25:26.640386+00:00,49000.0,0.12752,bid,binance,BTCUSDT,0
2026-03-29T20:25:26.640386+00:00,48974.8,0.0013,bid,binance,BTCUSDT,0
2026-03-29T20:25:26.640386+00:00,48871.2,0.00071,bid,binance,BTCUSDT,0
2026-03-29T20:25:26.640386+00:00,48736.35,0.00053,bid,binance,BTCUSDT,0
2026-03-29T20:25:26.640386+00:00,48723.02,0.00052,bid,binance,BTCUSDT,0
2026-03-29T20:25:26.640386+00:00,48688.0,0.00041,bid,binance,BTCUSDT,0
2026-03-29T20:25:26.640386+00:00,48642.0,0.024,bid,binance,BTCUSDT,0
2026-03-29T20:25:26.640386+00:00,48610.0,0.00479,bid,binance,BTCUSDT,0
2026-03-29T20:25:26.640386+00:00,48609.98,0.00071,bid,binance,BTCUSDT,0
2026-03-29T20:25:26.640386+00:00,48502.4,0.00059,bid,binance,BTCUSDT,0
2026-03-29T20:25:26.640386+00:00,48501.0,0.022,bid,binance,BTCUSDT,0
2026-03-29T20:25:26.640386+00:00,48499.0,0.01076,bid,binance,BTCUSDT,0
2026-03-29T20:25:26.640386+00:00,48374.86,0.00061,bid,binance,BTCUSDT,0
2026-03-29T20:25:26.640386+00:00,48369.0,0.002,bid,binance,BTCUSDT,0
2026-03-29T20:25:26.640386+00:00,48350.17,0.00072,bid,binance,BTCUSDT,0
2026-03-29T20:25:26.640386+00:00,48327.45,0.00086,bid,binance,BTCUSDT,0
2026-03-29T20:25:26.640386+00:00,48204.69,0.00052,bid,binance,BTCUSDT,0
2026-03-29T20:25:26.640386+00:00,48117.45,0.00164,bid,binance,BTCUSDT,0
2026-03-29T20:25:26.640386+00:00,48111.0,0.00011,bid,binance,BTCUSDT,0
2026-03-29T20:25:26.640386+00:00,48091.74,0.00072,bid,binance,BTCUSDT,0
2026-03-29T20:25:26.640386+00:00,48051.06,0.05828,bid,binance,BTCUSDT,0
2026-03-29T20:25:26.640386+00:00,48012.59,0.00132,bid,binance,BTCUSDT,0
2026-03-29T20:25:26.640386+00:00,48000.0,0.59651,bid,binance,BTCUSDT,0
2026-03-29T20:25:26.640386+00:00,47949.87,0.00318,bid,binance,BTCUSDT,0
2026-03-29T20:25:26.640386+00:00,47900.0,0.1,bid,binance,BTCUSDT,0
2026-03-29T20:25:26.640386+00:00,47834.7,0.00073,bid,binance,BTCUSDT,0
2026-03-29T20:25:26.640386+00:00,47686.36,0.00053,bid,binance,BTCUSDT,0
2026-03-29T20:25:26.640386+00:00,47579.03,0.00073,bid,binance,BTCUSDT,0
2026-03-29T20:25:26.640386+00:00,47547.98,0.00055,bid,binance,BTCUSDT,0
2026-03-29T20:25:26.640386+00:00,47500.0,0.09593,bid,binance,BTCUSDT,0
2026-03-29T20:25:26.640386+00:00,47413.69,0.00746,bid,binance,BTCUSDT,0
2026-03-29T20:25:26.640386+00:00,47324.72,0.00073,bid,binance,BTCUSDT,0
2026-03-29T20:25:26.640386+00:00,47322.36,0.00061,bid,binance,BTCUSDT,0
2026-03-29T20:25:26.640386+00:00,47265.64,0.006,bid,binance,BTCUSDT,0
2026-03-29T20:25:26.640386+00:00,47188.98,0.00063,bid,binance,BTCUSDT,0
2026-03-29T20:25:26.640386+00:00,47168.03,0.00054,bid,binance,BTCUSDT,0
2026-03-29T20:25:26.640386+00:00,47141.71,0.00089,bid,binance,BTCUSDT,0
2026-03-29T20:25:26.640386+00:00,47071.78,0.00074,bid,binance,BTCUSDT,0
2026-03-29T20:25:26.640386+00:00,47069.28,0.00135,bid,binance,BTCUSDT,0
2026-03-29T20:25:26.640386+00:00,47000.0,0.08801,bid,binance,BTCUSDT,0
2026-03-29T20:25:26.640386+00:00,46949.7,0.00168,bid,binance,BTCUSDT,0
2026-03-29T20:25:26.640386+00:00,46840.71,0.0014,bid,binance,BTCUSDT,0
2026-03-29T20:25:26.640386+00:00,46820.18,0.00074,bid,binance,BTCUSDT,0
2026-03-29T20:25:26.640386+00:00,46802.7,0.02136,bid,binance,BTCUSDT,0
2026-03-29T20:25:26.640386+00:00,46685.4,0.00515,bid,binance,BTCUSDT,0
2026-03-29T20:25:26.640386+00:00,46656.19,0.00878,bid,binance,BTCUSDT,0
2026-03-29T20:25:26.640386+00:00,46649.7,0.00054,bid,binance,BTCUSDT,0
2026-03-29T20:25:26.640386+00:00,46622.95,0.04504,bid,binance,BTCUSDT,0
2026-03-29T20:25:26.640386+00:00,46587.97,0.00438,bid,binance,BTCUSDT,0
2026-03-29T20:25:26.640386+00:00,46569.94,0.00075,bid,binance,BTCUSDT,0
2026-03-29T20:25:26.640386+00:00,46551.06,0.06015,bid,binance,BTCUSDT,0
2026-03-29T20:25:26.640386+00:00,46500.0,0.00537,bid,binance,BTCUSDT,0
2026-03-29T20:25:26.640386+00:00,46388.58,0.00056,bid,binance,BTCUSDT,0
2026-03-29T20:25:26.640386+00:00,46368.34,0.00325,bid,binance,BTCUSDT,0
2026-03-29T20:25:26.640386+00:00,46324.44,0.02722,bid,binance,BTCUSDT,0
2026-03-29T20:25:26.640386+00:00,46321.03,0.00075,bid,binance,BTCUSDT,0
2026-03-29T20:25:26.640386+00:00,46300.0,9e-05,bid,binance,BTCUSDT,0
2026-03-29T20:25:26.640386+00:00,46171.03,0.00062,bid,binance,BTCUSDT,0
2026-03-29T20:25:26.640386+00:00,46144.5,0.00138,bid,binance,BTCUSDT,0
2026-03-29T20:25:26.640386+00:00,46125.0,0.01182,bid,binance,BTCUSDT,0
2026-03-29T20:25:26.640386+00:00,46073.44,0.00075,bid,binance,BTCUSDT,0
2026-03-29T20:25:26.640386+00:00,46032.16,0.00064,bid,binance,BTCUSDT,0
2026-03-29T20:25:26.640386+00:00,46000.0,2.1213,bid,binance,BTCUSDT,0
2026-03-29T20:25:26.640386+00:00,45985.06,0.00091,bid,binance,BTCUSDT,0
2026-03-29T20:25:26.640386+00:00,45900.0,0.1,bid,binance,BTCUSDT,0
2026-03-29T20:25:26.640386+00:00,45843.82,3e-05,bid,binance,BTCUSDT,0
2026-03-29T20:25:26.640386+00:00,45827.19,0.00076,bid,binance,BTCUSDT,0
2026-03-29T20:25:26.640386+00:00,45810.29,0.00172,bid,binance,BTCUSDT,0
2026-03-29T20:25:26.640386+00:00,45795.88,0.00444,bid,binance,BTCUSDT,0
2026-03-29T20:25:26.640386+00:00,45600.0,0.005,bid,binance,BTCUSDT,0
2026-03-29T20:25:26.640386+00:00,45582.25,0.00076,bid,binance,BTCUSDT,0
2026-03-29T20:25:26.640386+00:00,45500.0,0.00198,bid,binance,BTCUSDT,0
2026-03-29T20:25:26.640386+00:00,45468.82,0.00401,bid,binance,BTCUSDT,0
2026-03-29T20:25:26.640386+00:00,45421.0,0.01239,bid,binance,BTCUSDT,0
2026-03-29T20:25:26.640386+00:00,45338.61,0.00077,bid,binance,BTCUSDT,0
2026-03-29T20:25:26.640386+00:00,45257.45,0.00057,bid,binance,BTCUSDT,0
2026-03-29T20:25:26.640386+00:00,45237.89,0.00141,bid,binance,BTCUSDT,0
2026-03-29T20:25:26.640386+00:00,45206.15,0.00783,bid,binance,BTCUSDT,0
2026-03-29T20:25:26.640386+00:00,45125.0,0.00022,bid,binance,BTCUSDT,0
2026-03-29T20:25:26.640386+00:00,45110.0,0.00517,bid,binance,BTCUSDT,0
2026-03-29T20:25:26.640386+00:00,45096.29,0.00077,bid,binance,BTCUSDT,0
2026-03-29T20:25:26.640386+00:00,45051.06,0.06,bid,binance,BTCUSDT,0
2026-03-29T20:25:26.640386+00:00,45047.71,0.00064,bid,binance,BTCUSDT,0
2026-03-29T20:25:26.640386+00:00,45000.0,6.95947,bid,binance,BTCUSDT,0
2026-03-29T20:25:26.640386+00:00,44903.71,0.00066,bid,binance,BTCUSDT,0
2026-03-29T20:25:26.640386+00:00,44856.79,0.00093,bid,binance,BTCUSDT,0
2026-03-29T20:25:26.640386+00:00,44855.25,0.00077,bid,binance,BTCUSDT,0
2026-03-29T20:25:26.640386+00:00,44760.94,0.00057,bid,binance,BTCUSDT,0
2026-03-29T20:25:26.640386+00:00,44698.53,0.00177,bid,binance,BTCUSDT,0
2026-03-29T20:25:26.640386+00:00,44615.5,0.00078,bid,binance,BTCUSDT,0
2026-03-29T20:25:26.640386+00:00,44501.0,0.0625,bid,binance,BTCUSDT,0
2026-03-29T20:25:26.640386+00:00,44500.0,0.02809,bid,binance,BTCUSDT,0
2026-03-29T20:25:26.640386+00:00,44400.0,0.09009,bid,binance,BTCUSDT,0
2026-03-29T20:25:26.640386+00:00,44377.04,0.00078,bid,binance,BTCUSDT,0
2026-03-29T20:25:26.640386+00:00,44349.1,0.00143,bid,binance,BTCUSDT,0
2026-03-29T20:25:26.640386+00:00,44153.9,0.00059,bid,binance,BTCUSDT,0
2026-03-29T20:25:26.640386+00:00,44139.85,0.00079,bid,binance,BTCUSDT,0
2026-03-29T20:25:26.640386+00:00,44000.0,0.0223,bid,binance,BTCUSDT,0
2026-03-29T20:25:26.640386+00:00,43951.72,0.00065,bid,binance,BTCUSDT,0
2026-03-29T20:25:26.640386+00:00,43903.93,0.00079,bid,binance,BTCUSDT,0
2026-03-29T20:25:26.640386+00:00,43802.92,0.00067,bid,binance,BTCUSDT,0
2026-03-29T20:25:26.640386+00:00,43756.21,0.00096,bid,binance,BTCUSDT,0
2026-03-29T20:25:26.640386+00:00,43693.0,0.3433,bid,binance,BTCUSDT,0
2026-03-29T20:25:26.640386+00:00,43669.27,0.0008,bid,binance,BTCUSDT,0
2026-03-29T20:25:26.640386+00:00,43641.89,0.00583,bid,binance,BTCUSDT,0
2026-03-29T20:25:26.640386+00:00,43613.75,0.00181,bid,binance,BTCUSDT,0
2026-03-29T20:25:26.640386+00:00,43551.06,0.062,bid,binance,BTCUSDT,0
2026-03-29T20:25:26.640386+00:00,43500.0,0.15,bid,binance,BTCUSDT,0
2026-03-29T20:25:26.640386+00:00,43477.77,0.00146,bid,binance,BTCUSDT,0
2026-03-29T20:25:26.640386+00:00,43435.86,0.0008,bid,binance,BTCUSDT,0
2026-03-29T20:25:26.640386+00:00,43222.0,0.00012,bid,binance,BTCUSDT,0
2026-03-29T20:25:26.640386+00:00,43210.0,0.0008,bid,binance,BTCUSDT,0
2026-03-29T20:25:26.640386+00:00,43203.7,0.0008,bid,binance,BTCUSDT,0
2026-03-29T20:25:26.640386+00:00,43077.26,0.0006,bid,binance,BTCUSDT,0
2026-03-29T20:25:26.640386+00:00,43000.0,0.0233,bid,binance,BTCUSDT,0
2026-03-29T20:25:26.640386+00:00,42998.61,0.00823,bid,binance,BTCUSDT,0
2026-03-29T20:25:26.640386+00:00,42972.78,0.00081,bid,binance,BTCUSDT,0
2026-03-29T20:25:26.640386+00:00,42882.4,0.00067,bid,binance,BTCUSDT,0
2026-03-29T20:25:26.640386+00:00,42869.0,0.00023,bid,binance,BTCUSDT,0
2026-03-29T20:25:26.640386+00:00,42743.1,0.00081,bid,binance,BTCUSDT,0
2026-03-29T20:25:26.640386+00:00,42729.12,0.00069,bid,binance,BTCUSDT,0
2026-03-29T20:25:26.640386+00:00,42700.0,0.002,bid,binance,BTCUSDT,0
2026-03-29T20:25:26.640386+00:00,42682.62,0.00098,bid,binance,BTCUSDT,0
2026-03-29T20:25:26.640386+00:00,42623.55,0.00149,bid,binance,BTCUSDT,0
2026-03-29T20:25:26.640386+00:00,42555.3,0.00186,bid,binance,BTCUSDT,0
2026-03-29T20:25:26.640386+00:00,42514.64,0.00082,bid,binance,BTCUSDT,0
2026-03-29T20:25:26.640386+00:00,42300.0,0.005,bid,binance,BTCUSDT,0
2026-03-29T20:25:26.640386+00:00,42287.4,0.00082,bid,binance,BTCUSDT,0
2026-03-29T20:25:26.640386+00:00,42251.06,0.06395,bid,binance,BTCUSDT,0
2026-03-29T20:25:26.640386+00:00,42115.56,1.5,bid,binance,BTCUSDT,0
2026-03-29T20:25:26.640386+00:00,42100.0,0.01569,bid,binance,BTCUSDT,0
2026-03-29T20:25:26.640386+00:00,42080.0,0.00106,bid,binance,BTCUSDT,0
2026-03-29T20:25:26.640386+00:00,42061.57,0.02377,bid,binance,BTCUSDT,0
2026-03-29T20:25:26.640386+00:00,42061.38,0.00083,bid,binance,BTCUSDT,0
2026-03-29T20:25:26.640386+00:00,42026.88,0.00062,bid,binance,BTCUSDT,0
2026-03-29T20:25:26.640386+00:00,42000.0,0.09305,bid,binance,BTCUSDT,0
2026-03-29T20:25:26.640386+00:00,41900.0,0.1,bid,binance,BTCUSDT,0
2026-03-29T20:25:26.640386+00:00,41839.09,0.00069,bid,binance,BTCUSDT,0
2026-03-29T20:25:26.640386+00:00,41836.57,0.00083,bid,binance,BTCUSDT,0
2026-03-29T20:25:26.640386+00:00,41786.12,0.00152,bid,binance,BTCUSDT,0
2026-03-29T20:25:26.640386+00:00,41681.64,0.00071,bid,binance,BTCUSDT,0
2026-03-29T20:25:26.640386+00:00,41635.38,0.001,bid,binance,BTCUSDT,0
2026-03-29T20:25:26.640386+00:00,41612.96,0.00084,bid,binance,BTCUSDT,0
2026-03-29T20:25:26.640386+00:00,41522.54,0.0019,bid,binance,BTCUSDT,0
2026-03-29T20:25:26.640386+00:00,41501.0,0.125,bid,binance,BTCUSDT,0
2026-03-29T20:25:26.640386+00:00,41487.89,0.00736,bid,binance,BTCUSDT,0
2026-03-29T20:25:26.640386+00:00,41390.54,0.00084,bid,binance,BTCUSDT,0
2026-03-29T20:25:26.640386+00:00,41169.31,0.00084,bid,binance,BTCUSDT,0
2026-03-29T20:25:26.640386+00:00,41051.06,0.06578,bid,binance,BTCUSDT,0
2026-03-29T20:25:26.640386+00:00,41002.1,0.00063,bid,binance,BTCUSDT,0
2026-03-29T20:25:26.640386+00:00,41000.0,0.04627,bid,binance,BTCUSDT,0
2026-03-29T20:25:26.640386+00:00,40949.27,0.00085,bid,binance,BTCUSDT,0
2026-03-29T20:25:26.640386+00:00,40821.17,0.0007,bid,binance,BTCUSDT,0
2026-03-29T20:25:26.640386+00:00,40791.08,0.00868,bid,binance,BTCUSDT,0
2026-03-29T20:25:26.640386+00:00,40730.4,0.00085,bid,binance,BTCUSDT,0
2026-03-29T20:25:26.640386+00:00,40725.0,0.00024,bid,binance,BTCUSDT,0
2026-03-29T20:25:26.640386+00:00,40700.0,0.04566,bid,binance,BTCUSDT,0
2026-03-29T20:25:26.640386+00:00,40659.83,0.00073,bid,binance,BTCUSDT,0
2026-03-29T20:25:26.640386+00:00,40613.83,0.00103,bid,binance,BTCUSDT,0
2026-03-29T20:25:26.640386+00:00,40514.84,0.00195,bid,binance,BTCUSDT,0
2026-03-29T20:25:26.640386+00:00,40512.7,0.00086,bid,binance,BTCUSDT,0
2026-03-29T20:25:26.640386+00:00,40296.16,0.00086,bid,binance,BTCUSDT,0
2026-03-29T20:25:26.640386+00:00,40111.0,0.57992,bid,binance,BTCUSDT,0
2026-03-29T20:25:26.640386+00:00,40080.78,0.00087,bid,binance,BTCUSDT,0
2026-03-29T20:25:26.640386+00:00,40002.32,0.00065,bid,binance,BTCUSDT,0
2026-03-29T20:25:26.640386+00:00,40001.0,0.14088,bid,binance,BTCUSDT,0
2026-03-29T20:25:26.640386+00:00,40000.0,0.06437,bid,binance,BTCUSDT,0
2026-03-29T20:25:26.640386+00:00,39866.56,0.00087,bid,binance,BTCUSDT,0
2026-03-29T20:25:26.640386+00:00,39828.01,0.00072,bid,binance,BTCUSDT,0
2026-03-29T20:25:26.640386+00:00,39751.06,0.06794,bid,binance,BTCUSDT,0
2026-03-29T20:25:26.640386+00:00,39663.08,0.00075,bid,binance,BTCUSDT,0
2026-03-29T20:25:26.640386+00:00,39653.48,0.00088,bid,binance,BTCUSDT,0
2026-03-29T20:25:26.640386+00:00,39617.35,0.00106,bid,binance,BTCUSDT,0
2026-03-29T20:25:26.640386+00:00,39531.59,0.002,bid,binance,BTCUSDT,0
2026-03-29T20:25:26.640386+00:00,39500.0,0.00253,bid,binance,BTCUSDT,0
2026-03-29T20:25:26.640386+00:00,39441.53,0.00088,bid,binance,BTCUSDT,0
2026-03-29T20:25:26.640386+00:00,39420.61,0.05073,bid,binance,BTCUSDT,0
2026-03-29T20:25:26.640386+00:00,39333.9,0.00906,bid,binance,BTCUSDT,0
2026-03-29T20:25:26.640386+00:00,39230.72,0.00089,bid,binance,BTCUSDT,0
2026-03-29T20:25:26.640386+00:00,39124.9,0.01277,bid,binance,BTCUSDT,0
2026-03-29T20:25:26.640386+00:00,39026.91,0.00067,bid,binance,BTCUSDT,0
2026-03-29T20:25:26.640386+00:00,39021.04,0.00089,bid,binance,BTCUSDT,0
2026-03-29T20:25:26.640386+00:00,39000.0,0.027,bid,binance,BTCUSDT,0
2026-03-29T20:25:26.640386+00:00,38859.02,0.00074,bid,binance,BTCUSDT,0
2026-03-29T20:25:26.640386+00:00,38812.48,0.0009,bid,binance,BTCUSDT,0
2026-03-29T20:25:26.640386+00:00,38690.76,0.00076,bid,binance,BTCUSDT,0
2026-03-29T20:25:26.640386+00:00,38689.0,0.00025,bid,binance,BTCUSDT,0
2026-03-29T20:25:26.640386+00:00,38645.32,0.00108,bid,binance,BTCUSDT,0
2026-03-29T20:25:26.640386+00:00,38583.54,0.00917,bid,binance,BTCUSDT,0
2026-03-29T20:25:26.640386+00:00,38572.21,0.00205,bid,binance,BTCUSDT,0
2026-03-29T20:25:26.640386+00:00,38551.06,0.07006,bid,binance,BTCUSDT,0
2026-03-29T20:25:26.640386+00:00,38429.0,0.015,bid,binance,BTCUSDT,0
2026-03-29T20:25:26.640386+00:00,38421.0,0.00496,bid,binance,BTCUSDT,0
2026-03-29T20:25:26.640386+00:00,38173.0,0.00196,bid,binance,BTCUSDT,0
2026-03-29T20:25:26.640386+00:00,38111.01,0.00013,bid,binance,BTCUSDT,0
2026-03-29T20:25:26.640386+00:00,38075.29,0.00068,bid,binance,BTCUSDT,0
2026-03-29T20:25:26.640386+00:00,38001.0,1.5,bid,binance,BTCUSDT,0
2026-03-29T20:25:26.640386+00:00,38000.0,0.04509,bid,binance,BTCUSDT,0
2026-03-29T20:25:26.640386+00:00,37988.48,0.00038,bid,binance,BTCUSDT,0
2026-03-29T20:25:26.640386+00:00,37913.6,0.00076,bid,binance,BTCUSDT,0
2026-03-29T20:25:26.640386+00:00,37789.03,0.05293,bid,binance,BTCUSDT,0
2026-03-29T20:25:26.640386+00:00,37751.51,0.0106,bid,binance,BTCUSDT,0
2026-03-29T20:25:26.640386+00:00,37742.28,0.00078,bid,binance,BTCUSDT,0
2026-03-29T20:25:26.640386+00:00,37697.13,0.00111,bid,binance,BTCUSDT,0
2026-03-29T20:25:26.640386+00:00,37636.11,0.0021,bid,binance,BTCUSDT,0
2026-03-29T20:25:26.640386+00:00,37504.0,0.002,bid,binance,BTCUSDT,0
2026-03-29T20:25:26.640386+00:00,37501.0,0.25,bid,binance,BTCUSDT,0
2026-03-29T20:25:26.640386+00:00,37475.0,5e-05,bid,binance,BTCUSDT,0
2026-03-29T20:25:26.640386+00:00,37450.0,5e-05,bid,binance,BTCUSDT,0
2026-03-29T20:25:26.640386+00:00,37425.0,5e-05,bid,binance,BTCUSDT,0
2026-03-29T20:25:26.640386+00:00,37400.0,5e-05,bid,binance,BTCUSDT,0
2026-03-29T20:25:26.640386+00:00,37251.06,0.0725,bid,binance,BTCUSDT,0
2026-03-29T20:25:26.640386+00:00,37179.91,0.01095,bid,binance,BTCUSDT,0
2026-03-29T20:25:26.640386+00:00,37146.87,0.0007,bid,binance,BTCUSDT,0
2026-03-29T20:25:26.640386+00:00,37100.0,0.1,bid,binance,BTCUSDT,0
2026-03-29T20:25:26.640386+00:00,37083.99,0.0004,bid,binance,BTCUSDT,0
2026-03-29T20:25:26.640386+00:00,37000.0,0.03732,bid,binance,BTCUSDT,0
2026-03-29T20:25:26.640386+00:00,36991.18,0.00078,bid,binance,BTCUSDT,0
2026-03-29T20:25:26.640386+00:00,36969.0,0.00148,bid,binance,BTCUSDT,0
2026-03-29T20:25:26.640386+00:00,36817.05,0.0008,bid,binance,BTCUSDT,0
2026-03-29T20:25:26.640386+00:00,36772.21,0.00114,bid,binance,BTCUSDT,0
2026-03-29T20:25:26.640386+00:00,36755.0,0.00027,bid,binance,BTCUSDT,0
2026-03-29T20:25:26.640386+00:00,36722.73,0.00215,bid,binance,BTCUSDT,0
2026-03-29T20:25:26.640386+00:00,36666.0,0.04019,bid,binance,BTCUSDT,0
2026-03-29T20:25:26.640386+00:00,36500.0,0.00068,bid,binance,BTCUSDT,0
2026-03-29T20:25:26.640386+00:00,36376.0,0.00973,bid,binance,BTCUSDT,0
2026-03-29T20:25:26.640386+00:00,36317.77,0.00102,bid,binance,BTCUSDT,0
2026-03-29T20:25:26.640386+00:00,36241.09,0.00072,bid,binance,BTCUSDT,0
2026-03-29T20:25:26.640386+00:00,36179.51,0.00043,bid,binance,BTCUSDT,0
2026-03-29T20:25:26.640386+00:00,36091.2,0.00079,bid,binance,BTCUSDT,0
2026-03-29T20:25:26.640386+00:00,36051.06,0.08515,bid,binance,BTCUSDT,0
2026-03-29T20:25:26.640386+00:00,36045.52,0.00031,bid,binance,BTCUSDT,0
2026-03-29T20:25:26.640386+00:00,36000.0,0.00069,bid,binance,BTCUSDT,0
2026-03-29T20:25:26.640386+00:00,35914.5,0.00082,bid,binance,BTCUSDT,0
2026-03-29T20:25:26.640386+00:00,35888.88,0.01117,bid,binance,BTCUSDT,0
2026-03-29T20:25:26.640386+00:00,35869.99,0.00117,bid,binance,BTCUSDT,0
2026-03-29T20:25:26.640386+00:00,35831.52,0.00221,bid,binance,BTCUSDT,0
2026-03-29T20:25:26.640386+00:00,35501.0,0.5,bid,binance,BTCUSDT,0
2026-03-29T20:25:26.640386+00:00,35479.0,0.035,bid,binance,BTCUSDT,0
2026-03-29T20:25:26.640386+00:00,35357.39,0.00074,bid,binance,BTCUSDT,0
2026-03-29T20:25:26.640386+00:00,35278.59,0.00033,bid,binance,BTCUSDT,0
2026-03-29T20:25:26.640386+00:00,35213.12,0.00081,bid,binance,BTCUSDT,0
2026-03-29T20:25:26.640386+00:00,35100.0,0.85492,bid,binance,BTCUSDT,0
2026-03-29T20:25:26.640386+00:00,35080.0,0.00011,bid,binance,BTCUSDT,0
2026-03-29T20:25:26.640386+00:00,35034.08,0.00084,bid,binance,BTCUSDT,0
2026-03-29T20:25:26.640386+00:00,35025.92,0.01308,bid,binance,BTCUSDT,0
2026-03-29T20:25:26.640386+00:00,35000.0,0.04081,bid,binance,BTCUSDT,0
2026-03-29T20:25:26.640386+00:00,34989.9,0.0012,bid,binance,BTCUSDT,0
2026-03-29T20:25:26.640386+00:00,34961.93,0.00226,bid,binance,BTCUSDT,0
2026-03-29T20:25:26.640386+00:00,34917.0,0.00028,bid,binance,BTCUSDT,0
2026-03-29T20:25:26.640386+00:00,34751.93,0.00015,bid,binance,BTCUSDT,0
2026-03-29T20:25:26.640386+00:00,34511.67,0.00036,bid,binance,BTCUSDT,0
2026-03-29T20:25:26.640386+00:00,34495.24,0.00075,bid,binance,BTCUSDT,0
2026-03-29T20:25:26.640386+00:00,34356.4,0.00084,bid,binance,BTCUSDT,0
2026-03-29T20:25:26.640386+00:00,34175.23,0.00087,bid,binance,BTCUSDT,0
2026-03-29T20:25:26.640386+00:00,34168.47,0.01036,bid,binance,BTCUSDT,0
2026-03-29T20:25:26.640386+00:00,34131.4,0.00123,bid,binance,BTCUSDT,0
2026-03-29T20:25:26.640386+00:00,34113.45,0.00232,bid,binance,BTCUSDT,0
2026-03-29T20:25:26.640386+00:00,34000.0,0.025,bid,binance,BTCUSDT,0
2026-03-29T20:25:26.640386+00:00,33896.13,0.01475,bid,binance,BTCUSDT,0
2026-03-29T20:25:26.640386+00:00,33744.74,0.00038,bid,binance,BTCUSDT,0
2026-03-29T20:25:26.640386+00:00,33723.18,0.02965,bid,binance,BTCUSDT,0
2026-03-29T20:25:26.640386+00:00,33654.12,0.00077,bid,binance,BTCUSDT,0
2026-03-29T20:25:26.640386+00:00,33520.53,0.00086,bid,binance,BTCUSDT,0
2026-03-29T20:25:26.640386+00:00,33501.0,0.33068,bid,binance,BTCUSDT,0
2026-03-29T20:25:26.640386+00:00,33446.65,0.01495,bid,binance,BTCUSDT,0
2026-03-29T20:25:26.640386+00:00,33337.45,0.00089,bid,binance,BTCUSDT,0
2026-03-29T20:25:26.640386+00:00,33293.97,0.00126,bid,binance,BTCUSDT,0
2026-03-29T20:25:26.640386+00:00,33285.56,0.00237,bid,binance,BTCUSDT,0
2026-03-29T20:25:26.640386+00:00,33171.0,0.0003,bid,binance,BTCUSDT,0
2026-03-29T20:25:26.640386+00:00,33000.0,1.9573,bid,binance,BTCUSDT,0
2026-03-29T20:25:26.640386+00:00,32977.81,0.00041,bid,binance,BTCUSDT,0
2026-03-29T20:25:26.640386+00:00,32871.93,0.01548,bid,binance,BTCUSDT,0
2026-03-29T20:25:26.640386+00:00,32833.51,0.00079,bid,binance,BTCUSDT,0
2026-03-29T20:25:26.640386+00:00,32704.99,0.00088,bid,binance,BTCUSDT,0
2026-03-29T20:25:26.640386+00:00,32520.2,0.00091,bid,binance,BTCUSDT,0
2026-03-29T20:25:26.640386+00:00,32500.0,0.00108,bid,binance,BTCUSDT,0
2026-03-29T20:25:26.640386+00:00,32477.76,0.00243,bid,binance,BTCUSDT,0
2026-03-29T20:25:26.640386+00:00,32477.08,0.00129,bid,binance,BTCUSDT,0
2026-03-29T20:25:26.640386+00:00,32210.89,0.00044,bid,binance,BTCUSDT,0
2026-03-29T20:25:26.640386+00:00,32100.0,0.16321,bid,binance,BTCUSDT,0
2026-03-29T20:25:26.640386+00:00,32032.9,0.00081,bid,binance,BTCUSDT,0
2026-03-29T20:25:26.640386+00:00,32000.0,0.01908,bid,binance,BTCUSDT,0
2026-03-29T20:25:26.640386+00:00,31909.3,0.0009,bid,binance,BTCUSDT,0
2026-03-29T20:25:26.640386+00:00,31722.98,0.00093,bid,binance,BTCUSDT,0
2026-03-29T20:25:26.640386+00:00,31689.57,0.00249,bid,binance,BTCUSDT,0
2026-03-29T20:25:26.640386+00:00,31680.24,0.00132,bid,binance,BTCUSDT,0
2026-03-29T20:25:26.640386+00:00,31512.0,0.00031,bid,binance,BTCUSDT,0
2026-03-29T20:25:26.640386+00:00,31443.96,0.00047,bid,binance,BTCUSDT,0
2026-03-29T20:25:26.640386+00:00,31251.82,0.00083,bid,binance,BTCUSDT,0
2026-03-29T20:25:26.640386+00:00,31132.96,0.00092,bid,binance,BTCUSDT,0
2026-03-29T20:25:26.640386+00:00,30945.31,0.00096,bid,binance,BTCUSDT,0
2026-03-29T20:25:26.640386+00:00,30933.3,0.01293,bid,binance,BTCUSDT,0
2026-03-29T20:25:26.640386+00:00,30920.5,0.00256,bid,binance,BTCUSDT,0
2026-03-29T20:25:26.640386+00:00,30902.95,0.00136,bid,binance,BTCUSDT,0
2026-03-29T20:25:26.640386+00:00,30677.04,0.00051,bid,binance,BTCUSDT,0
2026-03-29T20:25:26.640386+00:00,30489.78,0.00085,bid,binance,BTCUSDT,0
2026-03-29T20:25:26.640386+00:00,30375.51,0.00095,bid,binance,BTCUSDT,0
2026-03-29T20:25:26.640386+00:00,30372.06,0.00308,bid,binance,BTCUSDT,0
2026-03-29T20:25:26.640386+00:00,30252.0,0.0001,bid,binance,BTCUSDT,0
2026-03-29T20:25:26.640386+00:00,30245.46,0.01653,bid,binance,BTCUSDT,0
2026-03-29T20:25:26.640386+00:00,30186.71,0.00098,bid,binance,BTCUSDT,0
2026-03-29T20:25:26.640386+00:00,30170.1,0.00262,bid,binance,BTCUSDT,0
2026-03-29T20:25:26.640386+00:00,30144.73,0.00139,bid,binance,BTCUSDT,0
2026-03-29T20:25:26.640386+00:00,30000.0,1.46708,bid,binance,BTCUSDT,0
2026-03-29T20:25:26.640386+00:00,29937.0,0.00033,bid,binance,BTCUSDT,0
2026-03-29T20:25:26.640386+00:00,29746.32,0.00088,bid,binance,BTCUSDT,0
2026-03-29T20:25:26.640386+00:00,29636.49,0.00097,bid,binance,BTCUSDT,0
2026-03-29T20:25:26.640386+00:00,29516.0,0.001,bid,binance,BTCUSDT,0
2026-03-29T20:25:26.640386+00:00,29446.7,0.00101,bid,binance,BTCUSDT,0
2026-03-29T20:25:26.640386+00:00,29437.91,0.00269,bid,binance,BTCUSDT,0
2026-03-29T20:25:26.640386+00:00,29405.11,0.00142,bid,binance,BTCUSDT,0
2026-03-29T20:25:26.640386+00:00,29021.0,0.0009,bid,binance,BTCUSDT,0
2026-03-29T20:25:26.640386+00:00,29000.0,0.0035,bid,binance,BTCUSDT,0
2026-03-29T20:25:26.640386+00:00,28915.45,0.00099,bid,binance,BTCUSDT,0
2026-03-29T20:25:26.640386+00:00,28797.25,0.00325,bid,binance,BTCUSDT,0
2026-03-29T20:25:26.640386+00:00,28724.83,0.00103,bid,binance,BTCUSDT,0
2026-03-29T20:25:26.640386+00:00,28723.49,0.00275,bid,binance,BTCUSDT,0
2026-03-29T20:25:26.640386+00:00,28683.64,0.00146,bid,binance,BTCUSDT,0
2026-03-29T20:25:26.640386+00:00,28440.0,0.00035,bid,binance,BTCUSDT,0
2026-03-29T20:25:26.640386+00:00,28400.0,0.0002,bid,binance,BTCUSDT,0
2026-03-29T20:25:26.640386+00:00,28313.35,0.00092,bid,binance,BTCUSDT,0
2026-03-29T20:25:26.640386+00:00,28211.95,0.00102,bid,binance,BTCUSDT,0
2026-03-29T20:25:26.640386+00:00,28100.0,0.1,bid,binance,BTCUSDT,0
2026-03-29T20:25:26.640386+00:00,28026.41,0.00282,bid,binance,BTCUSDT,0
2026-03-29T20:25:26.640386+00:00,28020.65,0.00106,bid,binance,BTCUSDT,0
2026-03-29T20:25:26.640386+00:00,27979.87,0.0015,bid,binance,BTCUSDT,0
2026-03-29T20:25:26.640386+00:00,27622.97,0.00094,bid,binance,BTCUSDT,0
2026-03-29T20:25:26.640386+00:00,27525.57,0.00104,bid,binance,BTCUSDT,0
2026-03-29T20:25:26.640386+00:00,27421.0,0.0139,bid,binance,BTCUSDT,0
2026-03-29T20:25:26.640386+00:00,27346.24,0.00289,bid,binance,BTCUSDT,0
2026-03-29T20:25:26.640386+00:00,27333.74,0.00108,bid,binance,BTCUSDT,0
2026-03-29T20:25:26.640386+00:00,27293.37,0.00154,bid,binance,BTCUSDT,0
2026-03-29T20:25:26.640386+00:00,27222.45,0.00344,bid,binance,BTCUSDT,0
2026-03-29T20:25:26.640386+00:00,27200.0,0.0017,bid,binance,BTCUSDT,0
2026-03-29T20:25:26.640386+00:00,27018.0,0.00037,bid,binance,BTCUSDT,0
2026-03-29T20:25:26.640386+00:00,26999.0,0.55557,bid,binance,BTCUSDT,0
2026-03-29T20:25:26.640386+00:00,26995.0,0.001,bid,binance,BTCUSDT,0
2026-03-29T20:25:26.640386+00:00,26978.94,0.01853,bid,binance,BTCUSDT,0
2026-03-29T20:25:26.640386+00:00,26949.42,0.00097,bid,binance,BTCUSDT,0
2026-03-29T20:25:26.640386+00:00,26855.89,0.00107,bid,binance,BTCUSDT,0
2026-03-29T20:25:26.640386+00:00,26682.58,0.00296,bid,binance,BTCUSDT,0
2026-03-29T20:25:26.640386+00:00,26663.67,0.00111,bid,binance,BTCUSDT,0
2026-03-29T20:25:26.640386+00:00,26623.71,0.00157,bid,binance,BTCUSDT,0
2026-03-29T20:25:26.640386+00:00,26383.71,0.30321,bid,binance,BTCUSDT,0
2026-03-29T20:25:26.640386+00:00,26383.55,0.00011,bid,binance,BTCUSDT,0
2026-03-29T20:25:26.640386+00:00,26300.0,0.00039,bid,binance,BTCUSDT,0
2026-03-29T20:25:26.640386+00:00,26292.29,0.00099,bid,binance,BTCUSDT,0
2026-03-29T20:25:26.640386+00:00,26257.98,0.00011,bid,binance,BTCUSDT,0
2026-03-29T20:25:26.640386+00:00,26202.5,0.0011,bid,binance,BTCUSDT,0
2026-03-29T20:25:26.640386+00:00,26132.41,0.00011,bid,binance,BTCUSDT,0
2026-03-29T20:25:26.640386+00:00,26058.0,0.00115,bid,binance,BTCUSDT,0
2026-03-29T20:25:26.640386+00:00,26035.03,0.00304,bid,binance,BTCUSDT,0
2026-03-29T20:25:26.640386+00:00,26010.03,0.00114,bid,binance,BTCUSDT,0
2026-03-29T20:25:26.640386+00:00,26006.84,0.00011,bid,binance,BTCUSDT,0
2026-03-29T20:25:26.640386+00:00,25970.48,0.00161,bid,binance,BTCUSDT,0
2026-03-29T20:25:26.640386+00:00,25881.27,0.00011,bid,binance,BTCUSDT,0
2026-03-29T20:25:26.640386+00:00,25829.03,0.0003,bid,binance,BTCUSDT,0
2026-03-29T20:25:26.640386+00:00,25822.05,0.00359,bid,binance,BTCUSDT,0
2026-03-29T20:25:26.640386+00:00,25789.0,0.00042,bid,binance,BTCUSDT,0
2026-03-29T20:25:26.640386+00:00,25766.66,0.00978,bid,binance,BTCUSDT,0
2026-03-29T20:25:26.640386+00:00,25755.7,0.00011,bid,binance,BTCUSDT,0
2026-03-29T20:25:26.640386+00:00,25750.39,0.0003,bid,binance,BTCUSDT,0
2026-03-29T20:25:26.640386+00:00,25724.82,0.01077,bid,binance,BTCUSDT,0
2026-03-29T20:25:26.640386+00:00,25684.24,0.01187,bid,binance,BTCUSDT,0
2026-03-29T20:25:26.640386+00:00,25672.0,0.0003,bid,binance,BTCUSDT,0
2026-03-29T20:25:26.640386+00:00,25667.0,0.00039,bid,binance,BTCUSDT,0
2026-03-29T20:25:26.640386+00:00,25651.18,0.00102,bid,binance,BTCUSDT,0
2026-03-29T20:25:26.640386+00:00,25647.65,0.00365,bid,binance,BTCUSDT,0
2026-03-29T20:25:26.640386+00:00,25630.13,0.00011,bid,binance,BTCUSDT,0
2026-03-29T20:25:26.640386+00:00,25565.0,0.00112,bid,binance,BTCUSDT,0
2026-03-29T20:25:26.640386+00:00,25504.56,0.00011,bid,binance,BTCUSDT,0
2026-03-29T20:25:26.640386+00:00,25493.0,0.00459,bid,binance,BTCUSDT,0
2026-03-29T20:25:26.640386+00:00,25425.0,0.00433,bid,binance,BTCUSDT,0
2026-03-29T20:25:26.640386+00:00,25403.19,0.00311,bid,binance,BTCUSDT,0
2026-03-29T20:25:26.640386+00:00,25378.99,0.00011,bid,binance,BTCUSDT,0
2026-03-29T20:25:26.640386+00:00,25372.4,0.00117,bid,binance,BTCUSDT,0
2026-03-29T20:25:26.640386+00:00,25333.28,0.00165,bid,binance,BTCUSDT,0
2026-03-29T20:25:26.640386+00:00,25253.42,0.00011,bid,binance,BTCUSDT,0
2026-03-29T20:25:26.640386+00:00,25234.0,0.00039,bid,binance,BTCUSDT,0
2026-03-29T20:25:26.640386+00:00,25127.85,0.00011,bid,binance,BTCUSDT,0
2026-03-29T20:25:26.640386+00:00,25100.0,0.1,bid,binance,BTCUSDT,0
2026-03-29T20:25:26.640386+00:00,25025.71,0.00104,bid,binance,BTCUSDT,0
2026-03-29T20:25:26.640386+00:00,25002.28,0.00011,bid,binance,BTCUSDT,0
2026-03-29T20:25:26.640386+00:00,25000.0,0.55471,bid,binance,BTCUSDT,0
2026-03-29T20:25:26.640386+00:00,24943.02,0.00115,bid,binance,BTCUSDT,0
2026-03-29T20:25:26.640386+00:00,24876.71,0.00011,bid,binance,BTCUSDT,0
2026-03-29T20:25:26.640386+00:00,24786.69,0.00319,bid,binance,BTCUSDT,0
2026-03-29T20:25:26.640386+00:00,24754.84,0.08079,bid,binance,BTCUSDT,0
2026-03-29T20:25:26.640386+00:00,24751.14,0.00011,bid,binance,BTCUSDT,0
2026-03-29T20:25:26.640386+00:00,24750.41,0.0012,bid,binance,BTCUSDT,0
2026-03-29T20:25:26.640386+00:00,24711.72,0.0017,bid,binance,BTCUSDT,0
2026-03-29T20:25:26.640386+00:00,24625.57,0.00011,bid,binance,BTCUSDT,0
2026-03-29T20:25:26.640386+00:00,24567.48,0.02031,bid,binance,BTCUSDT,0
2026-03-29T20:25:26.640386+00:00,24510.0,0.02065,bid,binance,BTCUSDT,0
2026-03-29T20:25:26.640386+00:00,24500.0,0.00014,bid,binance,BTCUSDT,0
2026-03-29T20:25:26.640386+00:00,24415.49,0.00107,bid,binance,BTCUSDT,0
2026-03-29T20:25:26.640386+00:00,24384.0,0.00041,bid,binance,BTCUSDT,0
2026-03-29T20:25:26.640386+00:00,24374.43,0.00014,bid,binance,BTCUSDT,0
2026-03-29T20:25:26.640386+00:00,24336.17,0.00118,bid,binance,BTCUSDT,0
2026-03-29T20:25:26.640386+00:00,24301.82,0.00041,bid,binance,BTCUSDT,0
2026-03-29T20:25:26.640386+00:00,24249.51,0.00014,bid,binance,BTCUSDT,0
2026-03-29T20:25:26.640386+00:00,24200.0,0.00125,bid,binance,BTCUSDT,0
2026-03-29T20:25:26.640386+00:00,24185.15,0.00327,bid,binance,BTCUSDT,0
2026-03-29T20:25:26.640386+00:00,24155.78,0.02714,bid,binance,BTCUSDT,0
2026-03-29T20:25:26.640386+00:00,24143.67,0.00123,bid,binance,BTCUSDT,0
2026-03-29T20:25:26.640386+00:00,24125.23,0.00014,bid,binance,BTCUSDT,0
2026-03-29T20:25:26.640386+00:00,24105.4,0.00174,bid,binance,BTCUSDT,0
2026-03-29T20:25:26.640386+00:00,24072.85,0.00389,bid,binance,BTCUSDT,0
2026-03-29T20:25:26.640386+00:00,24001.58,0.00014,bid,binance,BTCUSDT,0
2026-03-29T20:25:26.640386+00:00,24000.0,9e-05,bid,binance,BTCUSDT,0
2026-03-29T20:25:26.640386+00:00,23878.57,0.00014,bid,binance,BTCUSDT,0
2026-03-29T20:25:26.640386+00:00,23820.15,0.00109,bid,binance,BTCUSDT,0
2026-03-29T20:25:26.640386+00:00,23756.19,0.00014,bid,binance,BTCUSDT,0
2026-03-29T20:25:26.640386+00:00,23744.08,0.00121,bid,binance,BTCUSDT,0
2026-03-29T20:25:26.640386+00:00,23634.43,0.00014,bid,binance,BTCUSDT,0
2026-03-29T20:25:26.640386+00:00,23598.21,0.00335,bid,binance,BTCUSDT,0
2026-03-29T20:25:26.640386+00:00,23551.8,0.00126,bid,binance,BTCUSDT,0
2026-03-29T20:25:26.640386+00:00,23513.96,0.00178,bid,binance,BTCUSDT,0
2026-03-29T20:25:26.640386+00:00,23513.3,0.00014,bid,binance,BTCUSDT,0
2026-03-29T20:25:26.640386+00:00,23500.0,0.00022,bid,binance,BTCUSDT,0
2026-03-29T20:25:26.640386+00:00,23456.0,0.00213,bid,binance,BTCUSDT,0
2026-03-29T20:25:26.640386+00:00,23392.79,0.00014,bid,binance,BTCUSDT,0
2026-03-29T20:25:26.640386+00:00,23300.0,0.00811,bid,binance,BTCUSDT,0
2026-03-29T20:25:26.640386+00:00,23272.9,0.00014,bid,binance,BTCUSDT,0
2026-03-29T20:25:26.640386+00:00,66721.04,0.03749,ask,binance,BTCUSDT,0
2026-03-29T20:25:26.640386+00:00,66727.33,0.00037,ask,binance,BTCUSDT,0
2026-03-29T20:25:26.640386+00:00,66727.34,0.45998,ask,binance,BTCUSDT,0
2026-03-29T20:25:26.640386+00:00,66738.3,0.00017,ask,binance,BTCUSDT,0
2026-03-29T20:25:26.640386+00:00,66789.12,5e-05,ask,binance,BTCUSDT,0
2026-03-29T20:25:26.640386+00:00,66799.56,0.14982,ask,binance,BTCUSDT,0
2026-03-29T20:25:26.640386+00:00,66892.51,0.0656,ask,binance,BTCUSDT,0
2026-03-29T20:25:26.640386+00:00,66892.52,0.01003,ask,binance,BTCUSDT,0
2026-03-29T20:25:26.640386+00:00,66892.53,0.11495,ask,binance,BTCUSDT,0
2026-03-29T20:25:26.640386+00:00,66901.36,0.00588,ask,binance,BTCUSDT,0
2026-03-29T20:25:26.640386+00:00,66901.98,0.0001,ask,binance,BTCUSDT,0
2026-03-29T20:25:26.640386+00:00,66905.6,0.10986,ask,binance,BTCUSDT,0
2026-03-29T20:25:26.640386+00:00,66913.11,0.74783,ask,binance,BTCUSDT,0
2026-03-29T20:25:26.640386+00:00,66921.2,0.11098,ask,binance,BTCUSDT,0
2026-03-29T20:25:26.640386+00:00,66952.26,0.00012,ask,binance,BTCUSDT,0
2026-03-29T20:25:26.640386+00:00,66971.2,0.07599,ask,binance,BTCUSDT,0
2026-03-29T20:25:26.640386+00:00,66993.23,0.00017,ask,binance,BTCUSDT,0
2026-03-29T20:25:26.640386+00:00,67000.0,0.00035,ask,binance,BTCUSDT,0
2026-03-29T20:25:26.640386+00:00,67027.84,0.74655,ask,binance,BTCUSDT,0
2026-03-29T20:25:26.640386+00:00,67059.39,0.19137,ask,binance,BTCUSDT,0
2026-03-29T20:25:26.640386+00:00,67070.2,0.00015,ask,binance,BTCUSDT,0
2026-03-29T20:25:26.640386+00:00,67070.59,0.00074,ask,binance,BTCUSDT,0
2026-03-29T20:25:26.640386+00:00,67122.6,4e-05,ask,binance,BTCUSDT,0
2026-03-29T20:25:26.640386+00:00,67140.01,0.00013,ask,binance,BTCUSDT,0
2026-03-29T20:25:26.640386+00:00,67167.46,0.00206,ask,binance,BTCUSDT,0
2026-03-29T20:25:26.640386+00:00,67319.91,0.00297,ask,binance,BTCUSDT,0
2026-03-29T20:25:26.640386+00:00,67327.47,0.01544,ask,binance,BTCUSDT,0
2026-03-29T20:25:26.640386+00:00,67346.06,0.00038,ask,binance,BTCUSDT,0
2026-03-29T20:25:26.640386+00:00,67347.35,0.1236,ask,binance,BTCUSDT,0
2026-03-29T20:25:26.640386+00:00,67372.11,0.00012,ask,binance,BTCUSDT,0
2026-03-29T20:25:26.640386+00:00,67375.11,0.0058,ask,binance,BTCUSDT,0
2026-03-29T20:25:26.640386+00:00,67395.19,0.00017,ask,binance,BTCUSDT,0
2026-03-29T20:25:26.640386+00:00,67432.05,0.00156,ask,binance,BTCUSDT,0
2026-03-29T20:25:26.640386+00:00,67522.82,4e-05,ask,binance,BTCUSDT,0
2026-03-29T20:25:26.640386+00:00,67529.62,0.003,ask,binance,BTCUSDT,0
2026-03-29T20:25:26.640386+00:00,67542.85,0.00013,ask,binance,BTCUSDT,0
2026-03-29T20:25:26.640386+00:00,67564.0,0.0007,ask,binance,BTCUSDT,0
2026-03-29T20:25:26.640386+00:00,67580.0,0.02,ask,binance,BTCUSDT,0
2026-03-29T20:25:26.640386+00:00,67585.26,0.0021,ask,binance,BTCUSDT,0
2026-03-29T20:25:26.640386+00:00,67599.08,0.00205,ask,binance,BTCUSDT,0
2026-03-29T20:25:26.640386+00:00,67607.8,0.0001,ask,binance,BTCUSDT,0
2026-03-29T20:25:26.640386+00:00,67656.51,0.00296,ask,binance,BTCUSDT,0
2026-03-29T20:25:26.640386+00:00,67673.16,0.00016,ask,binance,BTCUSDT,0
2026-03-29T20:25:26.640386+00:00,67698.13,0.00077,ask,binance,BTCUSDT,0
2026-03-29T20:25:26.640386+00:00,67713.55,0.00034,ask,binance,BTCUSDT,0
2026-03-29T20:25:26.640386+00:00,67782.42,0.00014,ask,binance,BTCUSDT,0
2026-03-29T20:25:26.640386+00:00,67794.59,0.00012,ask,binance,BTCUSDT,0
2026-03-29T20:25:26.640386+00:00,67799.56,0.00017,ask,binance,BTCUSDT,0
2026-03-29T20:25:26.640386+00:00,67800.0,2e-05,ask,binance,BTCUSDT,0
2026-03-29T20:25:26.640386+00:00,67852.22,0.00576,ask,binance,BTCUSDT,0
2026-03-29T20:25:26.640386+00:00,67888.39,0.00045,ask,binance,BTCUSDT,0
2026-03-29T20:25:26.640386+00:00,67891.23,5e-05,ask,binance,BTCUSDT,0
2026-03-29T20:25:26.640386+00:00,67900.0,0.00736,ask,binance,BTCUSDT,0
2026-03-29T20:25:26.640386+00:00,67925.42,3e-05,ask,binance,BTCUSDT,0
2026-03-29T20:25:26.640386+00:00,67927.32,0.00179,ask,binance,BTCUSDT,0
2026-03-29T20:25:26.640386+00:00,67948.07,0.00156,ask,binance,BTCUSDT,0
2026-03-29T20:25:26.640386+00:00,67948.11,0.00012,ask,binance,BTCUSDT,0
2026-03-29T20:25:26.640386+00:00,67954.55,0.00013,ask,binance,BTCUSDT,0
2026-03-29T20:25:26.640386+00:00,68000.0,5e-05,ask,binance,BTCUSDT,0
2026-03-29T20:25:26.640386+00:00,68033.47,0.00203,ask,binance,BTCUSDT,0
2026-03-29T20:25:26.640386+00:00,68034.53,0.00124,ask,binance,BTCUSDT,0
2026-03-29T20:25:26.640386+00:00,68063.77,0.00096,ask,binance,BTCUSDT,0
2026-03-29T20:25:26.640386+00:00,68189.23,0.00077,ask,binance,BTCUSDT,0
2026-03-29T20:25:26.640386+00:00,68206.36,0.00017,ask,binance,BTCUSDT,0
2026-03-29T20:25:26.640386+00:00,68219.72,0.00012,ask,binance,BTCUSDT,0
2026-03-29T20:25:26.640386+00:00,68239.31,0.00378,ask,binance,BTCUSDT,0
2026-03-29T20:25:26.640386+00:00,68313.63,0.0001,ask,binance,BTCUSDT,0
2026-03-29T20:25:26.640386+00:00,68330.43,3e-05,ask,binance,BTCUSDT,0
2026-03-29T20:25:26.640386+00:00,68332.7,0.00572,ask,binance,BTCUSDT,0
2026-03-29T20:25:26.640386+00:00,68333.08,0.00293,ask,binance,BTCUSDT,0
2026-03-29T20:25:26.640386+00:00,68355.79,0.00012,ask,binance,BTCUSDT,0
2026-03-29T20:25:26.640386+00:00,68400.0,0.025,ask,binance,BTCUSDT,0
2026-03-29T20:25:26.640386+00:00,68408.33,0.00069,ask,binance,BTCUSDT,0
2026-03-29T20:25:26.640386+00:00,68408.49,0.00119,ask,binance,BTCUSDT,0
2026-03-29T20:25:26.640386+00:00,68445.0,0.00739,ask,binance,BTCUSDT,0
2026-03-29T20:25:26.640386+00:00,68468.02,0.00156,ask,binance,BTCUSDT,0
2026-03-29T20:25:26.640386+00:00,68470.65,0.00202,ask,binance,BTCUSDT,0
2026-03-29T20:25:26.640386+00:00,68481.21,0.00014,ask,binance,BTCUSDT,0
2026-03-29T20:25:26.640386+00:00,68571.43,0.01073,ask,binance,BTCUSDT,0
2026-03-29T20:25:26.640386+00:00,68578.3,0.00033,ask,binance,BTCUSDT,0
2026-03-29T20:25:26.640386+00:00,68600.0,0.00437,ask,binance,BTCUSDT,0
2026-03-29T20:25:26.640386+00:00,68607.46,0.00107,ask,binance,BTCUSDT,0
2026-03-29T20:25:26.640386+00:00,68615.6,0.00017,ask,binance,BTCUSDT,0
2026-03-29T20:25:26.640386+00:00,68622.95,0.00038,ask,binance,BTCUSDT,0
2026-03-29T20:25:26.640386+00:00,68680.34,0.00077,ask,binance,BTCUSDT,0
2026-03-29T20:25:26.640386+00:00,68704.21,0.0015,ask,binance,BTCUSDT,0
2026-03-29T20:25:26.640386+00:00,68737.84,3e-05,ask,binance,BTCUSDT,0
2026-03-29T20:25:26.640386+00:00,68765.93,0.00013,ask,binance,BTCUSDT,0
2026-03-29T20:25:26.640386+00:00,68816.59,0.00568,ask,binance,BTCUSDT,0
2026-03-29T20:25:26.640386+00:00,68901.03,0.00088,ask,binance,BTCUSDT,0
2026-03-29T20:25:26.640386+00:00,68910.64,0.00201,ask,binance,BTCUSDT,0
2026-03-29T20:25:26.640386+00:00,68912.34,5e-05,ask,binance,BTCUSDT,0
2026-03-29T20:25:26.640386+00:00,68951.76,0.00062,ask,binance,BTCUSDT,0
2026-03-29T20:25:26.640386+00:00,68991.95,0.00156,ask,binance,BTCUSDT,0
2026-03-29T20:25:26.640386+00:00,69000.0,5e-05,ask,binance,BTCUSDT,0
2026-03-29T20:25:26.640386+00:00,69016.41,0.0029,ask,binance,BTCUSDT,0
2026-03-29T20:25:26.640386+00:00,69019.45,0.0001,ask,binance,BTCUSDT,0
2026-03-29T20:25:26.640386+00:00,69027.29,0.00017,ask,binance,BTCUSDT,0
2026-03-29T20:25:26.640386+00:00,69045.45,0.00013,ask,binance,BTCUSDT,0
2026-03-29T20:25:26.640386+00:00,69081.33,9e-05,ask,binance,BTCUSDT,0
2026-03-29T20:25:26.640386+00:00,69093.02,0.00037,ask,binance,BTCUSDT,0
2026-03-29T20:25:26.640386+00:00,69123.45,5e-05,ask,binance,BTCUSDT,0
2026-03-29T20:25:26.640386+00:00,69147.69,3e-05,ask,binance,BTCUSDT,0
2026-03-29T20:25:26.640386+00:00,69171.45,0.00077,ask,binance,BTCUSDT,0
2026-03-29T20:25:26.640386+00:00,69200.0,0.01322,ask,binance,BTCUSDT,0
2026-03-29T20:25:26.640386+00:00,69238.0,0.11,ask,binance,BTCUSDT,0
2026-03-29T20:25:26.640386+00:00,69267.17,0.00044,ask,binance,BTCUSDT,0
2026-03-29T20:25:26.640386+00:00,69278.83,0.00043,ask,binance,BTCUSDT,0
2026-03-29T20:25:26.640386+00:00,69300.79,0.00945,ask,binance,BTCUSDT,0
2026-03-29T20:25:26.640386+00:00,69303.91,0.00564,ask,binance,BTCUSDT,0
2026-03-29T20:25:26.640386+00:00,69338.45,0.27751,ask,binance,BTCUSDT,0
2026-03-29T20:25:26.640386+00:00,69353.46,0.00199,ask,binance,BTCUSDT,0
2026-03-29T20:25:26.640386+00:00,69394.68,0.00039,ask,binance,BTCUSDT,0
2026-03-29T20:25:26.640386+00:00,69408.43,0.00262,ask,binance,BTCUSDT,0
2026-03-29T20:25:26.640386+00:00,69419.29,0.00069,ask,binance,BTCUSDT,0
2026-03-29T20:25:26.640386+00:00,69427.83,0.00093,ask,binance,BTCUSDT,0
2026-03-29T20:25:26.640386+00:00,69441.45,0.00017,ask,binance,BTCUSDT,0
2026-03-29T20:25:26.640386+00:00,69519.9,0.00156,ask,binance,BTCUSDT,0
2026-03-29T20:25:26.640386+00:00,69559.98,3e-05,ask,binance,BTCUSDT,0
2026-03-29T20:25:26.640386+00:00,69629.02,0.1734,ask,binance,BTCUSDT,0
2026-03-29T20:25:26.640386+00:00,69655.69,0.00071,ask,binance,BTCUSDT,0
2026-03-29T20:25:26.640386+00:00,69662.56,0.00077,ask,binance,BTCUSDT,0
2026-03-29T20:25:26.640386+00:00,69676.0,0.12,ask,binance,BTCUSDT,0
2026-03-29T20:25:26.640386+00:00,69706.57,0.00287,ask,binance,BTCUSDT,0
2026-03-29T20:25:26.640386+00:00,69725.27,0.0001,ask,binance,BTCUSDT,0
2026-03-29T20:25:26.640386+00:00,69759.49,0.00261,ask,binance,BTCUSDT,0
2026-03-29T20:25:26.640386+00:00,69794.67,0.0056,ask,binance,BTCUSDT,0
2026-03-29T20:25:26.640386+00:00,69799.13,0.00198,ask,binance,BTCUSDT,0
2026-03-29T20:25:26.640386+00:00,69800.0,0.00859,ask,binance,BTCUSDT,0
2026-03-29T20:25:26.640386+00:00,69813.49,0.0015,ask,binance,BTCUSDT,0
2026-03-29T20:25:26.640386+00:00,69835.52,0.0015,ask,binance,BTCUSDT,0
2026-03-29T20:25:26.640386+00:00,69836.88,0.0015,ask,binance,BTCUSDT,0
2026-03-29T20:25:26.640386+00:00,69858.1,0.00017,ask,binance,BTCUSDT,0
2026-03-29T20:25:26.640386+00:00,69878.78,0.00014,ask,binance,BTCUSDT,0
2026-03-29T20:25:26.640386+00:00,69890.38,0.00055,ask,binance,BTCUSDT,0
2026-03-29T20:25:26.640386+00:00,69891.77,0.00274,ask,binance,BTCUSDT,0
2026-03-29T20:25:26.640386+00:00,69924.04,0.00038,ask,binance,BTCUSDT,0
2026-03-29T20:25:26.640386+00:00,69974.73,3e-05,ask,binance,BTCUSDT,0
2026-03-29T20:25:26.640386+00:00,70000.0,1.49442,ask,binance,BTCUSDT,0
2026-03-29T20:25:26.640386+00:00,70043.41,0.00241,ask,binance,BTCUSDT,0
2026-03-29T20:25:26.640386+00:00,70051.89,0.00156,ask,binance,BTCUSDT,0
2026-03-29T20:25:26.640386+00:00,70059.47,0.00107,ask,binance,BTCUSDT,0
2026-03-29T20:25:26.640386+00:00,70109.96,0.00116,ask,binance,BTCUSDT,0
2026-03-29T20:25:26.640386+00:00,70112.32,0.0026,ask,binance,BTCUSDT,0
2026-03-29T20:25:26.640386+00:00,70121.0,0.3,ask,binance,BTCUSDT,0
2026-03-29T20:25:26.640386+00:00,70123.45,5e-05,ask,binance,BTCUSDT,0
2026-03-29T20:25:26.640386+00:00,70136.36,0.00013,ask,binance,BTCUSDT,0
2026-03-29T20:25:26.640386+00:00,70153.66,0.00077,ask,binance,BTCUSDT,0
2026-03-29T20:25:26.640386+00:00,70247.65,0.00197,ask,binance,BTCUSDT,0
2026-03-29T20:25:26.640386+00:00,70277.25,0.00017,ask,binance,BTCUSDT,0
2026-03-29T20:25:26.640386+00:00,70288.91,0.00556,ask,binance,BTCUSDT,0
2026-03-29T20:25:26.640386+00:00,70355.0,0.00045,ask,binance,BTCUSDT,0
2026-03-29T20:25:26.640386+00:00,70391.96,3e-05,ask,binance,BTCUSDT,0
2026-03-29T20:25:26.640386+00:00,70400.0,0.00236,ask,binance,BTCUSDT,0
2026-03-29T20:25:26.640386+00:00,70431.1,0.0001,ask,binance,BTCUSDT,0
2026-03-29T20:25:26.640386+00:00,70448.97,0.0256,ask,binance,BTCUSDT,0
2026-03-29T20:25:26.640386+00:00,70466.94,0.00258,ask,binance,BTCUSDT,0
2026-03-29T20:25:26.640386+00:00,70583.87,0.00156,ask,binance,BTCUSDT,0
2026-03-29T20:25:26.640386+00:00,70632.51,0.00584,ask,binance,BTCUSDT,0
2026-03-29T20:25:26.640386+00:00,70644.77,0.00077,ask,binance,BTCUSDT,0
2026-03-29T20:25:26.640386+00:00,70670.78,0.00181,ask,binance,BTCUSDT,0
2026-03-29T20:25:26.640386+00:00,70686.09,0.00061,ask,binance,BTCUSDT,0
2026-03-29T20:25:26.640386+00:00,70698.91,0.00016,ask,binance,BTCUSDT,0
2026-03-29T20:25:26.640386+00:00,70699.06,0.00196,ask,binance,BTCUSDT,0
2026-03-29T20:25:26.640386+00:00,70703.02,0.00213,ask,binance,BTCUSDT,0
2026-03-29T20:25:26.640386+00:00,70707.25,0.00212,ask,binance,BTCUSDT,0
2026-03-29T20:25:26.640386+00:00,70750.68,2e-05,ask,binance,BTCUSDT,0
2026-03-29T20:25:26.640386+00:00,70752.17,0.00283,ask,binance,BTCUSDT,0
2026-03-29T20:25:26.640386+00:00,70773.92,0.00011,ask,binance,BTCUSDT,0
2026-03-29T20:25:26.640386+00:00,70786.65,0.00552,ask,binance,BTCUSDT,0
2026-03-29T20:25:26.640386+00:00,70811.67,3e-05,ask,binance,BTCUSDT,0
2026-03-29T20:25:26.640386+00:00,70819.22,0.00092,ask,binance,BTCUSDT,0
2026-03-29T20:25:26.640386+00:00,70823.35,0.00257,ask,binance,BTCUSDT,0
2026-03-29T20:25:26.640386+00:00,71000.0,0.54828,ask,binance,BTCUSDT,0
2026-03-29T20:25:26.640386+00:00,71006.39,0.00042,ask,binance,BTCUSDT,0
2026-03-29T20:25:26.640386+00:00,71007.9,0.00043,ask,binance,BTCUSDT,0
2026-03-29T20:25:26.640386+00:00,71116.67,0.00237,ask,binance,BTCUSDT,0
2026-03-29T20:25:26.640386+00:00,71119.89,0.00156,ask,binance,BTCUSDT,0
2026-03-29T20:25:26.640386+00:00,71123.11,0.00016,ask,binance,BTCUSDT,0
2026-03-29T20:25:26.640386+00:00,71129.08,0.00038,ask,binance,BTCUSDT,0
2026-03-29T20:25:26.640386+00:00,71135.88,0.00077,ask,binance,BTCUSDT,0
2026-03-29T20:25:26.640386+00:00,71136.92,0.0001,ask,binance,BTCUSDT,0
2026-03-29T20:25:26.640386+00:00,71153.37,0.00194,ask,binance,BTCUSDT,0
2026-03-29T20:25:26.640386+00:00,71167.33,0.00211,ask,binance,BTCUSDT,0
2026-03-29T20:25:26.640386+00:00,71181.57,0.00256,ask,binance,BTCUSDT,0
2026-03-29T20:25:26.640386+00:00,71227.27,0.00013,ask,binance,BTCUSDT,0
2026-03-29T20:25:26.640386+00:00,71233.88,3e-05,ask,binance,BTCUSDT,0
2026-03-29T20:25:26.640386+00:00,71234.56,5e-05,ask,binance,BTCUSDT,0
2026-03-29T20:25:26.640386+00:00,71249.8,0.00038,ask,binance,BTCUSDT,0
2026-03-29T20:25:26.640386+00:00,71277.8,0.00142,ask,binance,BTCUSDT,0
2026-03-29T20:25:26.640386+00:00,71287.92,0.00548,ask,binance,BTCUSDT,0
2026-03-29T20:25:26.640386+00:00,71427.35,0.00037,ask,binance,BTCUSDT,0
2026-03-29T20:25:26.640386+00:00,71428.57,0.01073,ask,binance,BTCUSDT,0
2026-03-29T20:25:26.640386+00:00,71500.0,0.16424,ask,binance,BTCUSDT,0
2026-03-29T20:25:26.640386+00:00,71511.48,0.00172,ask,binance,BTCUSDT,0
2026-03-29T20:25:26.640386+00:00,71541.59,0.00255,ask,binance,BTCUSDT,0
2026-03-29T20:25:26.640386+00:00,71549.85,0.00016,ask,binance,BTCUSDT,0
2026-03-29T20:25:26.640386+00:00,71553.33,0.00035,ask,binance,BTCUSDT,0
2026-03-29T20:25:26.640386+00:00,71610.6,0.00193,ask,binance,BTCUSDT,0
2026-03-29T20:25:26.640386+00:00,71613.88,0.00209,ask,binance,BTCUSDT,0
2026-03-29T20:25:26.640386+00:00,71626.99,0.00077,ask,binance,BTCUSDT,0
2026-03-29T20:25:26.640386+00:00,71658.61,3e-05,ask,binance,BTCUSDT,0
2026-03-29T20:25:26.640386+00:00,71659.98,0.00156,ask,binance,BTCUSDT,0
2026-03-29T20:25:26.640386+00:00,71693.99,0.0021,ask,binance,BTCUSDT,0
2026-03-29T20:25:26.640386+00:00,71757.85,0.00209,ask,binance,BTCUSDT,0
2026-03-29T20:25:26.640386+00:00,71791.26,0.0016,ask,binance,BTCUSDT,0
2026-03-29T20:25:26.640386+00:00,71792.73,0.00544,ask,binance,BTCUSDT,0
2026-03-29T20:25:26.640386+00:00,71813.45,0.00278,ask,binance,BTCUSDT,0
2026-03-29T20:25:26.640386+00:00,71836.17,0.00274,ask,binance,BTCUSDT,0
2026-03-29T20:25:26.640386+00:00,71842.75,0.0001,ask,binance,BTCUSDT,0
2026-03-29T20:25:26.640386+00:00,71853.76,0.00113,ask,binance,BTCUSDT,0
2026-03-29T20:25:26.640386+00:00,71888.0,0.1,ask,binance,BTCUSDT,0
2026-03-29T20:25:26.640386+00:00,71903.44,0.00253,ask,binance,BTCUSDT,0
2026-03-29T20:25:26.640386+00:00,71906.88,0.0021,ask,binance,BTCUSDT,0
2026-03-29T20:25:26.640386+00:00,71954.19,0.0021,ask,binance,BTCUSDT,0
2026-03-29T20:25:26.640386+00:00,71954.39,0.00013,ask,binance,BTCUSDT,0
2026-03-29T20:25:26.640386+00:00,71962.8,0.00208,ask,binance,BTCUSDT,0
2026-03-29T20:25:26.640386+00:00,71966.21,0.00945,ask,binance,BTCUSDT,0
2026-03-29T20:25:26.640386+00:00,71979.15,0.00016,ask,binance,BTCUSDT,0
2026-03-29T20:25:26.640386+00:00,71980.0,0.00694,ask,binance,BTCUSDT,0
2026-03-29T20:25:26.640386+00:00,72000.0,0.02832,ask,binance,BTCUSDT,0
2026-03-29T20:25:26.640386+00:00,72070.77,0.00192,ask,binance,BTCUSDT,0
2026-03-29T20:25:26.640386+00:00,72078.09,0.00209,ask,binance,BTCUSDT,0
2026-03-29T20:25:26.640386+00:00,72085.87,3e-05,ask,binance,BTCUSDT,0
2026-03-29T20:25:26.640386+00:00,72114.35,0.00209,ask,binance,BTCUSDT,0
2026-03-29T20:25:26.640386+00:00,72118.09,0.00077,ask,binance,BTCUSDT,0
2026-03-29T20:25:26.640386+00:00,72129.03,0.00181,ask,binance,BTCUSDT,0
2026-03-29T20:25:26.640386+00:00,72169.02,0.00208,ask,binance,BTCUSDT,0
2026-03-29T20:25:26.640386+00:00,72204.18,0.00156,ask,binance,BTCUSDT,0
2026-03-29T20:25:26.640386+00:00,72206.38,0.00234,ask,binance,BTCUSDT,0
2026-03-29T20:25:26.640386+00:00,72206.39,0.00209,ask,binance,BTCUSDT,0
2026-03-29T20:25:26.640386+00:00,72235.6,0.00029,ask,binance,BTCUSDT,0
2026-03-29T20:25:26.640386+00:00,72238.29,0.00208,ask,binance,BTCUSDT,0
2026-03-29T20:25:26.640386+00:00,72238.5,0.00091,ask,binance,BTCUSDT,0
2026-03-29T20:25:26.640386+00:00,72243.84,0.00209,ask,binance,BTCUSDT,0
2026-03-29T20:25:26.640386+00:00,72253.15,9e-05,ask,binance,BTCUSDT,0
2026-03-29T20:25:26.640386+00:00,72267.12,0.00252,ask,binance,BTCUSDT,0
2026-03-29T20:25:26.640386+00:00,72301.12,0.0054,ask,binance,BTCUSDT,0
2026-03-29T20:25:26.640386+00:00,72318.18,0.00013,ask,binance,BTCUSDT,0
2026-03-29T20:25:26.640386+00:00,72333.33,0.0025,ask,binance,BTCUSDT,0
2026-03-29T20:25:26.640386+00:00,72345.67,5e-05,ask,binance,BTCUSDT,0
2026-03-29T20:25:26.640386+00:00,72350.0,0.00015,ask,binance,BTCUSDT,0
2026-03-29T20:25:26.640386+00:00,72384.77,0.00208,ask,binance,BTCUSDT,0
2026-03-29T20:25:26.640386+00:00,72391.99,0.00208,ask,binance,BTCUSDT,0
2026-03-29T20:25:26.640386+00:00,72404.01,0.1214,ask,binance,BTCUSDT,0
2026-03-29T20:25:26.640386+00:00,72411.02,0.00016,ask,binance,BTCUSDT,0
2026-03-29T20:25:26.640386+00:00,72442.99,0.00106,ask,binance,BTCUSDT,0
2026-03-29T20:25:26.640386+00:00,72464.03,0.00059,ask,binance,BTCUSDT,0
2026-03-29T20:25:26.640386+00:00,72466.72,0.00208,ask,binance,BTCUSDT,0
2026-03-29T20:25:26.640386+00:00,72500.0,0.00015,ask,binance,BTCUSDT,0
2026-03-29T20:25:26.640386+00:00,72515.68,3e-05,ask,binance,BTCUSDT,0
2026-03-29T20:25:26.640386+00:00,72520.0,0.0002,ask,binance,BTCUSDT,0
2026-03-29T20:25:26.640386+00:00,72533.9,0.00191,ask,binance,BTCUSDT,0
2026-03-29T20:25:26.640386+00:00,72544.79,0.00104,ask,binance,BTCUSDT,0
2026-03-29T20:25:26.640386+00:00,72548.57,0.0001,ask,binance,BTCUSDT,0
2026-03-29T20:25:26.640386+00:00,72566.04,2e-05,ask,binance,BTCUSDT,0
2026-03-29T20:25:26.640386+00:00,72600.7,0.00038,ask,binance,BTCUSDT,0
2026-03-29T20:25:26.640386+00:00,72609.2,0.00077,ask,binance,BTCUSDT,0
2026-03-29T20:25:26.640386+00:00,72622.6,0.00159,ask,binance,BTCUSDT,0
2026-03-29T20:25:26.640386+00:00,72632.63,0.00251,ask,binance,BTCUSDT,0
2026-03-29T20:25:26.640386+00:00,72752.51,0.00156,ask,binance,BTCUSDT,0
2026-03-29T20:25:26.640386+00:00,72777.0,0.0002,ask,binance,BTCUSDT,0
2026-03-29T20:25:26.640386+00:00,72777.03,0.00042,ask,binance,BTCUSDT,0
2026-03-29T20:25:26.640386+00:00,72781.86,0.00053,ask,binance,BTCUSDT,0
2026-03-29T20:25:26.640386+00:00,72792.37,0.00041,ask,binance,BTCUSDT,0
2026-03-29T20:25:26.640386+00:00,72813.11,0.00537,ask,binance,BTCUSDT,0
2026-03-29T20:25:26.640386+00:00,72845.48,0.00016,ask,binance,BTCUSDT,0
2026-03-29T20:25:26.640386+00:00,72857.14,0.01073,ask,binance,BTCUSDT,0
2026-03-29T20:25:26.640386+00:00,72890.65,0.00274,ask,binance,BTCUSDT,0
2026-03-29T20:25:26.640386+00:00,72897.97,0.02746,ask,binance,BTCUSDT,0
2026-03-29T20:25:26.640386+00:00,72906.83,0.00037,ask,binance,BTCUSDT,0
2026-03-29T20:25:26.640386+00:00,72925.4,0.00103,ask,binance,BTCUSDT,0
2026-03-29T20:25:26.640386+00:00,72933.09,0.00029,ask,binance,BTCUSDT,0
2026-03-29T20:25:26.640386+00:00,72948.06,3e-05,ask,binance,BTCUSDT,0
2026-03-29T20:25:26.640386+00:00,72957.88,0.00055,ask,binance,BTCUSDT,0
2026-03-29T20:25:26.640386+00:00,72978.71,0.00206,ask,binance,BTCUSDT,0
2026-03-29T20:25:26.640386+00:00,73000.0,0.21417,ask,binance,BTCUSDT,0
2026-03-29T20:25:26.640386+00:00,73100.31,0.00077,ask,binance,BTCUSDT,0
2026-03-29T20:25:26.640386+00:00,73196.95,0.00468,ask,binance,BTCUSDT,0
2026-03-29T20:25:26.640386+00:00,73282.55,0.00016,ask,binance,BTCUSDT,0
2026-03-29T20:25:26.640386+00:00,73291.7,2e-05,ask,binance,BTCUSDT,0
2026-03-29T20:25:26.640386+00:00,73304.99,0.00156,ask,binance,BTCUSDT,0
2026-03-29T20:25:26.640386+00:00,73312.79,0.0023,ask,binance,BTCUSDT,0
2026-03-29T20:25:26.640386+00:00,73328.72,0.00533,ask,binance,BTCUSDT,0
2026-03-29T20:25:26.640386+00:00,73333.89,0.00205,ask,binance,BTCUSDT,0
2026-03-29T20:25:26.640386+00:00,73338.74,0.44402,ask,binance,BTCUSDT,0
2026-03-29T20:25:26.640386+00:00,73369.22,0.00248,ask,binance,BTCUSDT,0
2026-03-29T20:25:26.640386+00:00,73383.01,3e-05,ask,binance,BTCUSDT,0
2026-03-29T20:25:26.640386+00:00,73400.0,0.00052,ask,binance,BTCUSDT,0
2026-03-29T20:25:26.640386+00:00,73409.09,0.00013,ask,binance,BTCUSDT,0
2026-03-29T20:25:26.640386+00:00,73409.18,0.00329,ask,binance,BTCUSDT,0
2026-03-29T20:25:26.640386+00:00,73444.64,0.00012,ask,binance,BTCUSDT,0
2026-03-29T20:25:26.640386+00:00,73456.78,5e-05,ask,binance,BTCUSDT,0
2026-03-29T20:25:26.640386+00:00,73463.57,0.00157,ask,binance,BTCUSDT,0
2026-03-29T20:25:26.640386+00:00,73469.09,0.00188,ask,binance,BTCUSDT,0
2026-03-29T20:25:26.640386+00:00,73546.03,0.00019,ask,binance,BTCUSDT,0
2026-03-29T20:25:26.640386+00:00,73554.08,0.00142,ask,binance,BTCUSDT,0
2026-03-29T20:25:26.640386+00:00,73591.41,0.00077,ask,binance,BTCUSDT,0
2026-03-29T20:25:26.640386+00:00,73640.93,0.00111,ask,binance,BTCUSDT,0
2026-03-29T20:25:26.640386+00:00,73686.22,0.00089,ask,binance,BTCUSDT,0
2026-03-29T20:25:26.640386+00:00,73693.0,0.0002,ask,binance,BTCUSDT,0
2026-03-29T20:25:26.640386+00:00,73702.13,0.00029,ask,binance,BTCUSDT,0
2026-03-29T20:25:26.640386+00:00,73722.24,0.00016,ask,binance,BTCUSDT,0
2026-03-29T20:25:26.640386+00:00,73740.31,0.00247,ask,binance,BTCUSDT,0
2026-03-29T20:25:26.640386+00:00,73777.0,0.0052,ask,binance,BTCUSDT,0
2026-03-29T20:25:26.640386+00:00,73800.0,0.012,ask,binance,BTCUSDT,0
2026-03-29T20:25:26.640386+00:00,73801.13,0.0212,ask,binance,BTCUSDT,0
2026-03-29T20:25:26.640386+00:00,73802.0,0.06731,ask,binance,BTCUSDT,0
2026-03-29T20:25:26.640386+00:00,73820.55,3e-05,ask,binance,BTCUSDT,0
2026-03-29T20:25:26.640386+00:00,73834.67,0.00274,ask,binance,BTCUSDT,0
2026-03-29T20:25:26.640386+00:00,73847.99,0.00529,ask,binance,BTCUSDT,0
2026-03-29T20:25:26.640386+00:00,73861.68,0.00156,ask,binance,BTCUSDT,0
2026-03-29T20:25:26.640386+00:00,73873.0,0.00014,ask,binance,BTCUSDT,0
2026-03-29T20:25:26.640386+00:00,73941.2,0.00187,ask,binance,BTCUSDT,0
2026-03-29T20:25:26.640386+00:00,73977.21,0.00038,ask,binance,BTCUSDT,0
2026-03-29T20:25:26.640386+00:00,73984.01,0.0027,ask,binance,BTCUSDT,0
2026-03-29T20:25:26.640386+00:00,74000.0,0.08954,ask,binance,BTCUSDT,0
2026-03-29T20:25:26.640386+00:00,74048.3,0.00167,ask,binance,BTCUSDT,0
2026-03-29T20:25:26.640386+00:00,74082.52,0.00077,ask,binance,BTCUSDT,0
2026-03-29T20:25:26.640386+00:00,74105.22,0.00014,ask,binance,BTCUSDT,0
2026-03-29T20:25:26.640386+00:00,74113.27,0.00246,ask,binance,BTCUSDT,0
2026-03-29T20:25:26.640386+00:00,74164.57,0.00016,ask,binance,BTCUSDT,0
2026-03-29T20:25:26.640386+00:00,74200.0,0.18,ask,binance,BTCUSDT,0
2026-03-29T20:25:26.640386+00:00,74255.55,0.00148,ask,binance,BTCUSDT,0
2026-03-29T20:25:26.640386+00:00,74260.71,3e-05,ask,binance,BTCUSDT,0
2026-03-29T20:25:26.640386+00:00,74285.71,0.01073,ask,binance,BTCUSDT,0
2026-03-29T20:25:26.640386+00:00,74286.69,0.00058,ask,binance,BTCUSDT,0
2026-03-29T20:25:26.640386+00:00,74313.88,0.00036,ask,binance,BTCUSDT,0
2026-03-29T20:25:26.640386+00:00,74314.28,0.00156,ask,binance,BTCUSDT,0
2026-03-29T20:25:26.640386+00:00,74321.52,0.00091,ask,binance,BTCUSDT,0
2026-03-29T20:25:26.640386+00:00,74355.04,0.00016,ask,binance,BTCUSDT,0
2026-03-29T20:25:26.640386+00:00,74370.93,0.00525,ask,binance,BTCUSDT,0
2026-03-29T20:25:26.640386+00:00,74416.34,0.00186,ask,binance,BTCUSDT,0
2026-03-29T20:25:26.640386+00:00,74422.59,0.00156,ask,binance,BTCUSDT,0
2026-03-29T20:25:26.640386+00:00,74436.16,0.00227,ask,binance,BTCUSDT,0
2026-03-29T20:25:26.640386+00:00,74463.14,0.00202,ask,binance,BTCUSDT,0
2026-03-29T20:25:26.640386+00:00,74488.12,0.00245,ask,binance,BTCUSDT,0
2026-03-29T20:25:26.640386+00:00,74500.0,0.00027,ask,binance,BTCUSDT,0
2026-03-29T20:25:26.640386+00:00,74567.89,5e-05,ask,binance,BTCUSDT,0
2026-03-29T20:25:26.640386+00:00,74573.63,0.00077,ask,binance,BTCUSDT,0
2026-03-29T20:25:26.640386+00:00,74591.82,0.00039,ask,binance,BTCUSDT,0
2026-03-29T20:25:26.640386+00:00,74609.55,0.00016,ask,binance,BTCUSDT,0
2026-03-29T20:25:26.640386+00:00,74621.68,0.00041,ask,binance,BTCUSDT,0
2026-03-29T20:25:26.640386+00:00,74629.76,0.00028,ask,binance,BTCUSDT,0
2026-03-29T20:25:26.640386+00:00,74665.67,0.00101,ask,binance,BTCUSDT,0
2026-03-29T20:25:26.640386+00:00,74703.48,3e-05,ask,binance,BTCUSDT,0
2026-03-29T20:25:26.640386+00:00,74729.01,0.00036,ask,binance,BTCUSDT,0
2026-03-29T20:25:26.640386+00:00,74754.94,7e-05,ask,binance,BTCUSDT,0
2026-03-29T20:25:26.640386+00:00,74764.25,0.00201,ask,binance,BTCUSDT,0
2026-03-29T20:25:26.640386+00:00,74794.0,0.00434,ask,binance,BTCUSDT,0
2026-03-29T20:25:26.640386+00:00,74812.11,0.00016,ask,binance,BTCUSDT,0
2026-03-29T20:25:26.640386+00:00,74812.97,2e-05,ask,binance,BTCUSDT,0
2026-03-29T20:25:26.640386+00:00,74864.86,0.00243,ask,binance,BTCUSDT,0
2026-03-29T20:25:26.640386+00:00,74892.0,0.0013,ask,binance,BTCUSDT,0
2026-03-29T20:25:26.640386+00:00,74894.53,0.00185,ask,binance,BTCUSDT,0
2026-03-29T20:25:26.640386+00:00,74897.4,0.00201,ask,binance,BTCUSDT,0
2026-03-29T20:25:26.640386+00:00,74897.58,0.00522,ask,binance,BTCUSDT,0
2026-03-29T20:25:26.640386+00:00,74932.47,0.00202,ask,binance,BTCUSDT,0
2026-03-29T20:25:26.640386+00:00,74987.77,0.00156,ask,binance,BTCUSDT,0
2026-03-29T20:25:26.640386+00:00,75000.0,1.30736,ask,binance,BTCUSDT,0
2026-03-29T20:25:26.640386+00:00,75004.15,0.002,ask,binance,BTCUSDT,0
2026-03-29T20:25:26.640386+00:00,75014.66,0.00202,ask,binance,BTCUSDT,0
2026-03-29T20:25:26.640386+00:00,75057.2,0.00015,ask,binance,BTCUSDT,0
2026-03-29T20:25:26.640386+00:00,75061.84,0.00842,ask,binance,BTCUSDT,0
2026-03-29T20:25:26.640386+00:00,75064.14,0.00201,ask,binance,BTCUSDT,0
2026-03-29T20:25:26.640386+00:00,75064.74,0.00077,ask,binance,BTCUSDT,0
2026-03-29T20:25:26.640386+00:00,75093.77,0.00266,ask,binance,BTCUSDT,0
2026-03-29T20:25:26.640386+00:00,75099.64,3e-05,ask,binance,BTCUSDT,0
2026-03-29T20:25:26.640386+00:00,75109.0,0.04279,ask,binance,BTCUSDT,0
2026-03-29T20:25:26.640386+00:00,75126.42,0.00201,ask,binance,BTCUSDT,0
2026-03-29T20:25:26.640386+00:00,75144.53,7e-05,ask,binance,BTCUSDT,0
2026-03-29T20:25:26.640386+00:00,75148.9,3e-05,ask,binance,BTCUSDT,0
2026-03-29T20:25:26.640386+00:00,75162.96,0.00086,ask,binance,BTCUSDT,0
2026-03-29T20:25:26.640386+00:00,75172.95,0.00017,ask,binance,BTCUSDT,0
2026-03-29T20:25:26.640386+00:00,75174.84,0.00153,ask,binance,BTCUSDT,0
2026-03-29T20:25:26.640386+00:00,75219.01,0.00201,ask,binance,BTCUSDT,0
2026-03-29T20:25:26.640386+00:00,75219.22,0.002,ask,binance,BTCUSDT,0
2026-03-29T20:25:26.640386+00:00,75224.42,3e-05,ask,binance,BTCUSDT,0
2026-03-29T20:25:26.640386+00:00,75234.31,0.00201,ask,binance,BTCUSDT,0
2026-03-29T20:25:26.640386+00:00,75243.51,0.00242,ask,binance,BTCUSDT,0
2026-03-29T20:25:26.640386+00:00,75287.35,0.002,ask,binance,BTCUSDT,0
2026-03-29T20:25:26.640386+00:00,75375.8,0.00183,ask,binance,BTCUSDT,0
2026-03-29T20:25:26.640386+00:00,75379.81,0.00038,ask,binance,BTCUSDT,0
2026-03-29T20:25:26.640386+00:00,75403.8,0.00027,ask,binance,BTCUSDT,0
2026-03-29T20:25:26.640386+00:00,75427.95,0.00518,ask,binance,BTCUSDT,0
2026-03-29T20:25:26.640386+00:00,75448.97,0.02654,ask,binance,BTCUSDT,0
2026-03-29T20:25:26.640386+00:00,75472.56,0.00108,ask,binance,BTCUSDT,0
2026-03-29T20:25:26.640386+00:00,75500.0,0.00138,ask,binance,BTCUSDT,0
2026-03-29T20:25:26.640386+00:00,75507.54,0.00015,ask,binance,BTCUSDT,0
2026-03-29T20:25:26.640386+00:00,75555.84,0.00077,ask,binance,BTCUSDT,0
2026-03-29T20:25:26.640386+00:00,75557.23,0.00156,ask,binance,BTCUSDT,0
2026-03-29T20:25:26.640386+00:00,75557.66,0.002,ask,binance,BTCUSDT,0
2026-03-29T20:25:26.640386+00:00,75576.73,0.00223,ask,binance,BTCUSDT,0
2026-03-29T20:25:26.640386+00:00,75596.97,3e-05,ask,binance,BTCUSDT,0
2026-03-29T20:25:26.640386+00:00,75624.07,0.00241,ask,binance,BTCUSDT,0
2026-03-29T20:25:26.640386+00:00,75655.29,0.03304,ask,binance,BTCUSDT,0
2026-03-29T20:25:26.640386+00:00,75671.25,7e-05,ask,binance,BTCUSDT,0
2026-03-29T20:25:26.640386+00:00,75678.91,5e-05,ask,binance,BTCUSDT,0
2026-03-29T20:25:26.640386+00:00,75714.29,0.01073,ask,binance,BTCUSDT,0
2026-03-29T20:25:26.640386+00:00,75737.72,0.00441,ask,binance,BTCUSDT,0
2026-03-29T20:25:26.640386+00:00,75808.37,0.00033,ask,binance,BTCUSDT,0
