trade_id,timestamp,price,quantity,side,venue,symbol,snapshot_id
31189584,2026-03-29T02:33:25.414000+00:00,66596.72,0.01407,sell,binance,BTCUSDT,0
31189585,2026-03-29T02:33:25.490000+00:00,66622.3,8e-05,buy,binance,BTCUSDT,0
31189586,2026-03-29T02:33:25.498000+00:00,66622.3,8e-05,buy,binance,BTCUSDT,0
31189587,2026-03-29T02:33:26.237000+00:00,66596.72,0.00024,sell,binance,BTCUSDT,0
31189588,2026-03-29T02:33:28.758000+00:00,66622.3,8e-05,buy,binance,BTCUSDT,0
31189589,2026-03-29T02:33:28.816000+00:00,66622.3,8e-05,buy,binance,BTCUSDT,0
31189590,2026-03-29T02:33:28.831000+00:00,66622.3,8e-05,buy,binance,BTCUSDT,0
31189591,2026-03-29T02:33:29.068000+00:00,66622.3,8e-05,buy,binance,BTCUSDT,0
31189592,2026-03-29T02:34:00.062000+00:00,66580.93,0.00032,sell,binance,BTCUSDT,0
31189593,2026-03-29T02:34:02.394000+00:00,66605.1,8e-05,buy,binance,BTCUSDT,0
31189594,2026-03-29T02:34:02.845000+00:00,66605.1,8e-05,buy,binance,BTCUSDT,0
31189595,2026-03-29T02:34:02.889000+00:00,66605.1,8e-05,buy,binance,BTCUSDT,0
31189596,2026-03-29T02:34:08.329000+00:00,66605.1,8e-05,buy,binance,BTCUSDT,0
31189597,2026-03-29T02:34:08.357000+00:00,66605.1,8e-05,buy,binance,BTCUSDT,0
31189598,2026-03-29T02:34:40.124000+00:00,66595.76,0.0004,sell,binance,BTCUSDT,0
31189599,2026-03-29T02:34:42.824000+00:00,66612.94,8e-05,buy,binance,BTCUSDT,0
31189600,2026-03-29T02:34:42.825000+00:00,66612.94,8e-05,buy,binance,BTCUSDT,0
31189601,2026-03-29T02:34:42.864000+00:00,66612.95,8e-05,buy,binance,BTCUSDT,0
31189602,2026-03-29T02:34:43.209000+00:00,66612.95,8e-05,buy,binance,BTCUSDT,0
31189603,2026-03-29T02:34:45.520000+00:00,66589.46,0.00032,sell,binance,BTCUSDT,0
31189604,2026-03-29T02:34:48.670000+00:00,66612.94,8e-05,buy,binance,BTCUSDT,0
31189605,2026-03-29T02:34:48.670000+00:00,66612.94,8e-05,buy,binance,BTCUSDT,0
31189606,2026-03-29T02:34:48.696000+00:00,66612.94,8e-05,buy,binance,BTCUSDT,0
31189607,2026-03-29T02:34:48.697000+00:00,66612.94,8e-05,buy,binance,BTCUSDT,0
31189608,2026-03-29T02:35:20.553000+00:00,66578.44,0.00031,sell,binance,BTCUSDT,0
31189609,2026-03-29T02:35:23.260000+00:00,66599.58,8e-05,buy,binance,BTCUSDT,0
31189610,2026-03-29T02:35:23.286000+00:00,66599.58,8e-05,buy,binance,BTCUSDT,0
31189611,2026-03-29T02:35:23.287000+00:00,66599.58,8e-05,buy,binance,BTCUSDT,0
31189612,2026-03-29T02:35:23.291000+00:00,66599.58,8e-05,buy,binance,BTCUSDT,0
31189613,2026-03-29T02:35:28.946000+00:00,66595.51,8e-05,buy,binance,BTCUSDT,0
31189614,2026-03-29T02:35:59.517000+00:00,66581.71,0.0004,sell,binance,BTCUSDT,0
31189615,2026-03-29T02:36:02.758000+00:00,66599.56,8e-05,buy,binance,BTCUSDT,0
31189616,2026-03-29T02:36:02.759000+00:00,66599.56,8e-05,buy,binance,BTCUSDT,0
31189617,2026-03-29T02:36:02.760000+00:00,66599.56,8e-05,buy,binance,BTCUSDT,0
31189618,2026-03-29T02:36:02.776000+00:00,66599.56,8e-05,buy,binance,BTCUSDT,0
31189619,2026-03-29T02:36:06.300000+00:00,66599.56,8e-05,buy,binance,BTCUSDT,0
31189620,2026-03-29T02:36:39.300000+00:00,66581.84,0.0004,sell,binance,BTCUSDT,0
31189621,2026-03-29T02:36:42.455000+00:00,66599.56,8e-05,buy,binance,BTCUSDT,0
31189622,2026-03-29T02:36:42.633000+00:00,66599.56,8e-05,buy,binance,BTCUSDT,0
31189623,2026-03-29T02:36:42.764000+00:00,66599.56,8e-05,buy,binance,BTCUSDT,0
31189624,2026-03-29T02:36:42.791000+00:00,66599.56,8e-05,buy,binance,BTCUSDT,0
31189625,2026-03-29T02:37:17.959000+00:00,66581.64,0.00032,sell,binance,BTCUSDT,0
31189626,2026-03-29T02:37:18.738000+00:00,66599.56,8e-05,buy,binance,BTCUSDT,0
31189627,2026-03-29T02:37:18.764000+00:00,66599.56,8e-05,buy,binance,BTCUSDT,0
31189628,2026-03-29T02:37:18.830000+00:00,66599.56,8e-05,buy,binance,BTCUSDT,0
31189629,2026-03-29T02:37:20.856000+00:00,66581.64,0.00024,sell,binance,BTCUSDT,0
31189630,2026-03-29T02:37:21.889000+00:00,66599.56,8e-05,buy,binance,BTCUSDT,0
31189631,2026-03-29T02:37:21.901000+00:00,66599.56,8e-05,buy,binance,BTCUSDT,0
31189632,2026-03-29T02:37:21.918000+00:00,66599.56,8e-05,buy,binance,BTCUSDT,0
31189633,2026-03-29T02:37:23.682000+00:00,66581.64,0.00023,sell,binance,BTCUSDT,0
31189634,2026-03-29T02:37:25.223000+00:00,66599.56,8e-05,buy,binance,BTCUSDT,0
31189635,2026-03-29T02:37:25.272000+00:00,66599.56,8e-05,buy,binance,BTCUSDT,0
31189636,2026-03-29T02:37:25.338000+00:00,66599.56,8e-05,buy,binance,BTCUSDT,0
31189637,2026-03-29T02:37:26.380000+00:00,66581.64,0.00024,sell,binance,BTCUSDT,0
31189638,2026-03-29T02:37:28.587000+00:00,66609.0,8e-05,buy,binance,BTCUSDT,0
31189639,2026-03-29T02:37:28.619000+00:00,66609.0,8e-05,buy,binance,BTCUSDT,0
31189640,2026-03-29T02:37:28.620000+00:00,66609.0,8e-05,buy,binance,BTCUSDT,0
31189641,2026-03-29T02:37:29.125000+00:00,66587.35,0.00024,sell,binance,BTCUSDT,0
31189642,2026-03-29T02:37:32.119000+00:00,66609.0,8e-05,buy,binance,BTCUSDT,0
31189643,2026-03-29T02:37:32.120000+00:00,66609.0,8e-05,buy,binance,BTCUSDT,0
31189644,2026-03-29T02:37:32.220000+00:00,66609.0,8e-05,buy,binance,BTCUSDT,0
31189645,2026-03-29T02:37:32.664000+00:00,66609.0,8e-05,buy,binance,BTCUSDT,0
31189646,2026-03-29T02:37:35.327000+00:00,66587.35,0.00032,sell,binance,BTCUSDT,0
31189647,2026-03-29T02:37:37.956000+00:00,66609.0,8e-05,buy,binance,BTCUSDT,0
31189648,2026-03-29T02:37:37.987000+00:00,66609.0,8e-05,buy,binance,BTCUSDT,0
31189649,2026-03-29T02:37:37.990000+00:00,66609.0,8e-05,buy,binance,BTCUSDT,0
31189650,2026-03-29T02:37:38.315000+00:00,66609.0,8e-05,buy,binance,BTCUSDT,0
31189651,2026-03-29T02:37:56.388000+00:00,66604.76,0.00032,sell,binance,BTCUSDT,0
31189652,2026-03-29T02:38:06.189000+00:00,66649.47,8e-05,buy,binance,BTCUSDT,0
31189653,2026-03-29T02:38:07.249000+00:00,66629.25,8e-05,sell,binance,BTCUSDT,0
31189654,2026-03-29T02:38:17.279000+00:00,66646.14,0.0003,buy,binance,BTCUSDT,0
31189655,2026-03-29T02:38:45.817000+00:00,66644.56,8e-05,buy,binance,BTCUSDT,0
31189656,2026-03-29T02:38:46.006000+00:00,66624.84,8e-05,sell,binance,BTCUSDT,0
31189657,2026-03-29T02:38:48.116000+00:00,66644.56,8e-05,buy,binance,BTCUSDT,0
31189658,2026-03-29T02:38:48.256000+00:00,66644.56,8e-05,buy,binance,BTCUSDT,0
31189659,2026-03-29T02:38:48.585000+00:00,66644.56,8e-05,buy,binance,BTCUSDT,0
31189660,2026-03-29T02:38:48.586000+00:00,66624.84,0.00016,sell,binance,BTCUSDT,0
31189661,2026-03-29T02:38:50.718000+00:00,66644.56,8e-05,buy,binance,BTCUSDT,0
31189662,2026-03-29T02:38:50.870000+00:00,66644.56,8e-05,buy,binance,BTCUSDT,0
31189663,2026-03-29T02:38:51.067000+00:00,66624.84,0.00023,sell,binance,BTCUSDT,0
31189664,2026-03-29T02:38:53.251000+00:00,66658.16,8e-05,buy,binance,BTCUSDT,0
31189665,2026-03-29T02:38:53.412000+00:00,66658.16,8e-05,buy,binance,BTCUSDT,0
31189666,2026-03-29T02:38:53.780000+00:00,66641.91,0.00016,sell,binance,BTCUSDT,0
31189667,2026-03-29T02:38:56.012000+00:00,66658.16,8e-05,buy,binance,BTCUSDT,0
31189668,2026-03-29T02:38:56.303000+00:00,66658.16,8e-05,buy,binance,BTCUSDT,0
31189669,2026-03-29T02:38:57.175000+00:00,66641.91,0.00016,sell,binance,BTCUSDT,0
31189670,2026-03-29T02:38:59.681000+00:00,66658.16,8e-05,buy,binance,BTCUSDT,0
31189671,2026-03-29T02:38:59.684000+00:00,66658.16,8e-05,buy,binance,BTCUSDT,0
31189672,2026-03-29T02:39:00.587000+00:00,66641.91,0.00016,sell,binance,BTCUSDT,0
31189673,2026-03-29T02:39:02.282000+00:00,66658.16,8e-05,buy,binance,BTCUSDT,0
31189674,2026-03-29T02:39:02.364000+00:00,66658.16,8e-05,buy,binance,BTCUSDT,0
31189675,2026-03-29T02:39:03.211000+00:00,66661.8,0.00016,sell,binance,BTCUSDT,0
31189676,2026-03-29T02:39:22.209000+00:00,66683.28,0.003,buy,binance,BTCUSDT,0
31189677,2026-03-29T02:39:22.209000+00:00,66683.29,0.04,buy,binance,BTCUSDT,0
31189678,2026-03-29T02:39:22.209000+00:00,66689.35,0.156,buy,binance,BTCUSDT,0
31189679,2026-03-29T02:40:58.364000+00:00,66724.76,4e-05,buy,binance,BTCUSDT,0
31189680,2026-03-29T02:43:39.313000+00:00,66737.49,0.00186,buy,binance,BTCUSDT,0
31189681,2026-03-29T02:44:03.192000+00:00,66712.56,0.1986,sell,binance,BTCUSDT,0
31189682,2026-03-29T02:44:04.550000+00:00,66727.52,6e-05,buy,binance,BTCUSDT,0
31189683,2026-03-29T02:44:04.730000+00:00,66727.52,6e-05,buy,binance,BTCUSDT,0
31189684,2026-03-29T02:44:04.779000+00:00,66727.52,6e-05,buy,binance,BTCUSDT,0
31189685,2026-03-29T02:44:04.790000+00:00,66727.52,6e-05,buy,binance,BTCUSDT,0
31189686,2026-03-29T02:44:19.056000+00:00,66727.52,6e-05,buy,binance,BTCUSDT,0
31189687,2026-03-29T02:44:40.079000+00:00,66701.7,0.0003,sell,binance,BTCUSDT,0
31189688,2026-03-29T02:44:43.034000+00:00,66723.52,6e-05,buy,binance,BTCUSDT,0
31189689,2026-03-29T02:44:43.049000+00:00,66723.52,6e-05,buy,binance,BTCUSDT,0
31189690,2026-03-29T02:44:43.049000+00:00,66723.52,6e-05,buy,binance,BTCUSDT,0
31189691,2026-03-29T02:44:43.080000+00:00,66723.52,6e-05,buy,binance,BTCUSDT,0
31189692,2026-03-29T02:44:46.520000+00:00,66727.5,6e-05,buy,binance,BTCUSDT,0
31189693,2026-03-29T02:44:59.968000+00:00,66702.69,0.00145,sell,binance,BTCUSDT,0
31189694,2026-03-29T02:45:37.161000+00:00,66689.05,0.0003,sell,binance,BTCUSDT,0
31189695,2026-03-29T02:45:39.184000+00:00,66711.31,6e-05,buy,binance,BTCUSDT,0
31189696,2026-03-29T02:45:39.831000+00:00,66689.05,6e-05,sell,binance,BTCUSDT,0
31189697,2026-03-29T02:45:43.068000+00:00,66711.32,6e-05,buy,binance,BTCUSDT,0
31189698,2026-03-29T02:45:44.667000+00:00,66723.17,6e-05,buy,binance,BTCUSDT,0
31189699,2026-03-29T02:45:44.694000+00:00,66723.17,6e-05,buy,binance,BTCUSDT,0
31189700,2026-03-29T02:45:44.944000+00:00,66723.17,6e-05,buy,binance,BTCUSDT,0
31189701,2026-03-29T02:50:15.509000+00:00,66738.6,0.00207,buy,binance,BTCUSDT,0
31189702,2026-03-29T02:50:22.529000+00:00,66772.52,0.04,buy,binance,BTCUSDT,0
31189703,2026-03-29T02:50:22.560000+00:00,66789.12,5e-05,buy,binance,BTCUSDT,0
31189704,2026-03-29T02:50:30.184000+00:00,66791.34,0.00014,buy,binance,BTCUSDT,0
31189705,2026-03-29T03:00:05.359000+00:00,66820.12,0.00254,buy,binance,BTCUSDT,0
31189706,2026-03-29T03:03:18.661000+00:00,66814.34,0.00015,buy,binance,BTCUSDT,0
31189707,2026-03-29T03:03:22.129000+00:00,66814.34,6e-05,buy,binance,BTCUSDT,0
31189708,2026-03-29T03:03:57.833000+00:00,66760.87,0.00029,sell,binance,BTCUSDT,0
31189709,2026-03-29T03:03:59.918000+00:00,66781.75,6e-05,buy,binance,BTCUSDT,0
31189710,2026-03-29T03:04:00.110000+00:00,66781.75,6e-05,buy,binance,BTCUSDT,0
31189711,2026-03-29T03:04:00.228000+00:00,66781.75,6e-05,buy,binance,BTCUSDT,0
31189712,2026-03-29T03:04:00.746000+00:00,66781.75,6e-05,buy,binance,BTCUSDT,0
31189713,2026-03-29T03:04:03.497000+00:00,66781.75,6e-05,buy,binance,BTCUSDT,0
31189714,2026-03-29T03:04:23.152000+00:00,66786.94,0.00292,sell,binance,BTCUSDT,0
31189715,2026-03-29T03:04:23.152000+00:00,66785.59,0.00884,sell,binance,BTCUSDT,0
31189716,2026-03-29T03:04:23.152000+00:00,66783.63,0.02997,sell,binance,BTCUSDT,0
31189717,2026-03-29T03:04:23.152000+00:00,66763.28,0.01693,sell,binance,BTCUSDT,0
31189718,2026-03-29T03:05:05.298000+00:00,66799.52,0.0003,sell,binance,BTCUSDT,0
31189719,2026-03-29T03:05:41.449000+00:00,66811.52,0.00017,buy,binance,BTCUSDT,0
31189720,2026-03-29T03:07:35.360000+00:00,66772.62,0.00299,buy,binance,BTCUSDT,0
31189721,2026-03-29T03:07:38.614000+00:00,66772.62,6e-05,buy,binance,BTCUSDT,0
31189722,2026-03-29T03:07:47.947000+00:00,66780.64,6e-05,buy,binance,BTCUSDT,0
31189723,2026-03-29T03:07:49.095000+00:00,66785.88,6e-05,buy,binance,BTCUSDT,0
31189724,2026-03-29T03:07:49.095000+00:00,66785.88,6e-05,buy,binance,BTCUSDT,0
31189725,2026-03-29T03:08:18.923000+00:00,66785.06,6e-05,buy,binance,BTCUSDT,0
31189726,2026-03-29T03:08:20.563000+00:00,66798.88,0.00149,buy,binance,BTCUSDT,0
31189727,2026-03-29T03:09:05.336000+00:00,66820.84,0.00149,buy,binance,BTCUSDT,0
31189728,2026-03-29T03:09:35.346000+00:00,66791.06,0.00025,buy,binance,BTCUSDT,0
31189729,2026-03-29T03:10:38.800000+00:00,66782.37,0.0003,sell,binance,BTCUSDT,0
31189730,2026-03-29T03:10:39.734000+00:00,66804.14,6e-05,buy,binance,BTCUSDT,0
31189731,2026-03-29T03:10:41.793000+00:00,66782.37,6e-05,sell,binance,BTCUSDT,0
31189732,2026-03-29T03:10:42.855000+00:00,66802.94,6e-05,buy,binance,BTCUSDT,0
31189733,2026-03-29T03:10:45.724000+00:00,66782.37,6e-05,sell,binance,BTCUSDT,0
31189734,2026-03-29T03:10:47.227000+00:00,66802.74,6e-05,buy,binance,BTCUSDT,0
31189735,2026-03-29T03:10:47.337000+00:00,66802.74,6e-05,buy,binance,BTCUSDT,0
31189736,2026-03-29T03:10:48.335000+00:00,66802.29,6e-05,buy,binance,BTCUSDT,0
31189737,2026-03-29T03:11:18.200000+00:00,66798.11,6e-05,buy,binance,BTCUSDT,0
31189738,2026-03-29T03:11:30.015000+00:00,66801.11,6e-05,buy,binance,BTCUSDT,0
31189739,2026-03-29T03:12:05.672000+00:00,66761.21,0.0003,sell,binance,BTCUSDT,0
31189740,2026-03-29T03:12:06.258000+00:00,66782.38,6e-05,buy,binance,BTCUSDT,0
31189741,2026-03-29T03:12:08.426000+00:00,66782.38,6e-05,buy,binance,BTCUSDT,0
31189742,2026-03-29T03:12:08.745000+00:00,66782.37,6e-05,buy,binance,BTCUSDT,0
31189743,2026-03-29T03:12:08.949000+00:00,66782.37,6e-05,buy,binance,BTCUSDT,0
31189744,2026-03-29T03:12:11.366000+00:00,66782.36,6e-05,buy,binance,BTCUSDT,0
31189745,2026-03-29T03:12:39.952000+00:00,66815.81,0.00075,buy,binance,BTCUSDT,0
31189746,2026-03-29T03:12:40.806000+00:00,66804.14,0.0003,sell,binance,BTCUSDT,0
31189747,2026-03-29T03:13:17.151000+00:00,66802.89,6e-05,buy,binance,BTCUSDT,0
31189748,2026-03-29T03:13:17.491000+00:00,66802.89,6e-05,buy,binance,BTCUSDT,0
31189749,2026-03-29T03:13:17.507000+00:00,66802.89,6e-05,buy,binance,BTCUSDT,0
31189750,2026-03-29T03:13:17.518000+00:00,66802.89,6e-05,buy,binance,BTCUSDT,0
31189751,2026-03-29T03:13:20.851000+00:00,66802.89,6e-05,buy,binance,BTCUSDT,0
31189752,2026-03-29T03:13:57.661000+00:00,66784.92,0.00029,sell,binance,BTCUSDT,0
31189753,2026-03-29T03:13:59.238000+00:00,66806.36,6e-05,buy,binance,BTCUSDT,0
31189754,2026-03-29T03:14:00.967000+00:00,66784.92,6e-05,sell,binance,BTCUSDT,0
31189755,2026-03-29T03:14:02.727000+00:00,66806.36,6e-05,buy,binance,BTCUSDT,0
31189756,2026-03-29T03:14:04.123000+00:00,66784.92,6e-05,sell,binance,BTCUSDT,0
31189757,2026-03-29T03:14:05.403000+00:00,66806.36,6e-05,buy,binance,BTCUSDT,0
31189758,2026-03-29T03:14:06.794000+00:00,66784.92,6e-05,sell,binance,BTCUSDT,0
31189759,2026-03-29T03:14:08.496000+00:00,66806.36,6e-05,buy,binance,BTCUSDT,0
31189760,2026-03-29T03:14:09.649000+00:00,66784.92,6e-05,sell,binance,BTCUSDT,0
31189761,2026-03-29T03:14:11.157000+00:00,66804.28,6e-05,buy,binance,BTCUSDT,0
31189762,2026-03-29T03:14:12.505000+00:00,66784.93,6e-05,sell,binance,BTCUSDT,0
31189763,2026-03-29T03:14:14.093000+00:00,66803.84,6e-05,buy,binance,BTCUSDT,0
31189764,2026-03-29T03:14:36.462000+00:00,66777.01,6e-05,sell,binance,BTCUSDT,0
31189765,2026-03-29T03:14:36.667000+00:00,66797.5,6e-05,buy,binance,BTCUSDT,0
31189766,2026-03-29T03:14:36.667000+00:00,66797.5,6e-05,buy,binance,BTCUSDT,0
31189767,2026-03-29T03:14:36.694000+00:00,66797.5,6e-05,buy,binance,BTCUSDT,0
31189768,2026-03-29T03:14:39.964000+00:00,66797.49,6e-05,buy,binance,BTCUSDT,0
31189769,2026-03-29T03:14:39.967000+00:00,66797.49,6e-05,buy,binance,BTCUSDT,0
31189770,2026-03-29T03:14:40.460000+00:00,66788.99,0.00018,sell,binance,BTCUSDT,0
31189771,2026-03-29T03:14:42.795000+00:00,66797.5,6e-05,buy,binance,BTCUSDT,0
31189772,2026-03-29T03:14:42.954000+00:00,66797.5,6e-05,buy,binance,BTCUSDT,0
31189773,2026-03-29T03:14:42.972000+00:00,66797.5,6e-05,buy,binance,BTCUSDT,0
31189774,2026-03-29T03:14:46.305000+00:00,66791.62,0.0003,sell,binance,BTCUSDT,0
31189775,2026-03-29T03:14:49.169000+00:00,66816.48,6e-05,buy,binance,BTCUSDT,0
31189776,2026-03-29T03:14:49.196000+00:00,66816.48,6e-05,buy,binance,BTCUSDT,0
31189777,2026-03-29T03:14:49.393000+00:00,66816.48,6e-05,buy,binance,BTCUSDT,0
31189778,2026-03-29T03:14:52.386000+00:00,66791.62,0.00018,sell,binance,BTCUSDT,0
31189779,2026-03-29T03:14:55.338000+00:00,66816.48,6e-05,buy,binance,BTCUSDT,0
31189780,2026-03-29T03:14:55.365000+00:00,66816.48,6e-05,buy,binance,BTCUSDT,0
31189781,2026-03-29T03:14:55.955000+00:00,66816.48,6e-05,buy,binance,BTCUSDT,0
31189782,2026-03-29T03:14:56.921000+00:00,66791.62,0.00018,sell,binance,BTCUSDT,0
31189783,2026-03-29T03:14:58.180000+00:00,66816.48,6e-05,buy,binance,BTCUSDT,0
31189784,2026-03-29T03:14:58.207000+00:00,66816.48,6e-05,buy,binance,BTCUSDT,0
31189785,2026-03-29T03:15:00.533000+00:00,66791.62,0.00012,sell,binance,BTCUSDT,0
31189786,2026-03-29T03:15:01.391000+00:00,66810.95,6e-05,buy,binance,BTCUSDT,0
31189787,2026-03-29T03:15:01.392000+00:00,66810.95,6e-05,buy,binance,BTCUSDT,0
31189788,2026-03-29T03:15:01.394000+00:00,66810.95,6e-05,buy,binance,BTCUSDT,0
31189789,2026-03-29T03:15:12.792000+00:00,66800.95,0.04,buy,binance,BTCUSDT,0
31189790,2026-03-29T03:15:12.843000+00:00,66816.7,0.00766,buy,binance,BTCUSDT,0
31189791,2026-03-29T03:15:19.836000+00:00,66867.59,0.00018,sell,binance,BTCUSDT,0
31189792,2026-03-29T03:16:02.892000+00:00,66901.36,0.00588,buy,binance,BTCUSDT,0
31189793,2026-03-29T03:16:09.681000+00:00,66974.59,0.00299,buy,binance,BTCUSDT,0
31189794,2026-03-29T03:16:09.883000+00:00,66984.99,0.00299,buy,binance,BTCUSDT,0
31189795,2026-03-29T03:16:09.912000+00:00,66993.23,0.00017,buy,binance,BTCUSDT,0
31189796,2026-03-29T03:16:10.021000+00:00,67000.0,0.0003,buy,binance,BTCUSDT,0
31189797,2026-03-29T03:16:10.021000+00:00,67000.0,5e-05,buy,binance,BTCUSDT,0
31189798,2026-03-29T03:16:15.532000+00:00,67076.91,0.00015,buy,binance,BTCUSDT,0
31189799,2026-03-29T03:17:58.711000+00:00,67031.24,0.00595,sell,binance,BTCUSDT,0
31189800,2026-03-29T03:18:01.322000+00:00,67064.33,6e-05,buy,binance,BTCUSDT,0
31189801,2026-03-29T03:18:01.347000+00:00,67064.33,6e-05,buy,binance,BTCUSDT,0
31189802,2026-03-29T03:18:01.375000+00:00,67064.33,6e-05,buy,binance,BTCUSDT,0
31189803,2026-03-29T03:18:01.375000+00:00,67064.33,6e-05,buy,binance,BTCUSDT,0
31189804,2026-03-29T03:18:21.919000+00:00,67058.32,0.00015,buy,binance,BTCUSDT,0
31189805,2026-03-29T03:18:33.148000+00:00,67037.59,0.00023,sell,binance,BTCUSDT,0
31189806,2026-03-29T03:18:37.671000+00:00,67054.07,6e-05,buy,binance,BTCUSDT,0
31189807,2026-03-29T03:18:37.672000+00:00,67054.07,6e-05,buy,binance,BTCUSDT,0
31189808,2026-03-29T03:18:37.672000+00:00,67054.07,6e-05,buy,binance,BTCUSDT,0
31189809,2026-03-29T03:18:39.527000+00:00,67050.23,6e-05,buy,binance,BTCUSDT,0
31189810,2026-03-29T03:19:13.811000+00:00,67051.05,0.00024,sell,binance,BTCUSDT,0
31189811,2026-03-29T03:21:34.974000+00:00,67018.35,0.00038,sell,binance,BTCUSDT,0
31189812,2026-03-29T03:21:42.145000+00:00,67042.29,6e-05,buy,binance,BTCUSDT,0
31189813,2026-03-29T03:21:42.145000+00:00,67042.29,6e-05,buy,binance,BTCUSDT,0
31189814,2026-03-29T03:21:43.690000+00:00,67042.29,6e-05,buy,binance,BTCUSDT,0
31189815,2026-03-29T03:21:45.319000+00:00,67042.29,6e-05,buy,binance,BTCUSDT,0
31189816,2026-03-29T03:22:05.359000+00:00,67042.28,7e-05,buy,binance,BTCUSDT,0
31189817,2026-03-29T03:22:21.642000+00:00,67065.42,0.00024,sell,binance,BTCUSDT,0
31189818,2026-03-29T03:33:41.486000+00:00,66964.04,0.0006,sell,binance,BTCUSDT,0
31189819,2026-03-29T03:33:41.486000+00:00,66964.04,0.07313,sell,binance,BTCUSDT,0
31189820,2026-03-29T03:33:42.289000+00:00,66957.24,6e-05,buy,binance,BTCUSDT,0
31189821,2026-03-29T03:33:42.337000+00:00,66957.24,6e-05,buy,binance,BTCUSDT,0
31189822,2026-03-29T03:33:42.345000+00:00,66957.24,6e-05,buy,binance,BTCUSDT,0
31189823,2026-03-29T03:33:44.360000+00:00,66955.09,6e-05,buy,binance,BTCUSDT,0
31189824,2026-03-29T03:33:55.066000+00:00,66949.36,0.00014,buy,binance,BTCUSDT,0
31189825,2026-03-29T03:34:31.005000+00:00,66944.96,0.00024,sell,binance,BTCUSDT,0
31189826,2026-03-29T03:34:31.989000+00:00,66947.51,6e-05,buy,binance,BTCUSDT,0
31189827,2026-03-29T03:34:33.671000+00:00,66947.51,6e-05,buy,binance,BTCUSDT,0
31189828,2026-03-29T03:34:33.700000+00:00,66947.51,6e-05,buy,binance,BTCUSDT,0
31189829,2026-03-29T03:34:33.901000+00:00,66947.51,6e-05,buy,binance,BTCUSDT,0
31189830,2026-03-29T03:35:06.709000+00:00,66912.39,0.00024,sell,binance,BTCUSDT,0
31189831,2026-03-29T03:35:07.889000+00:00,66934.78,6e-05,buy,binance,BTCUSDT,0
31189832,2026-03-29T03:35:08.036000+00:00,66934.78,6e-05,buy,binance,BTCUSDT,0
31189833,2026-03-29T03:35:08.743000+00:00,66934.79,6e-05,buy,binance,BTCUSDT,0
31189834,2026-03-29T03:35:09.278000+00:00,66934.79,6e-05,buy,binance,BTCUSDT,0
31189835,2026-03-29T03:35:42.784000+00:00,66919.03,0.00024,sell,binance,BTCUSDT,0
31189836,2026-03-29T03:35:44.424000+00:00,66933.77,6e-05,buy,binance,BTCUSDT,0
31189837,2026-03-29T03:35:46.515000+00:00,66933.77,6e-05,buy,binance,BTCUSDT,0
31189838,2026-03-29T03:35:46.517000+00:00,66933.77,6e-05,buy,binance,BTCUSDT,0
31189839,2026-03-29T03:35:46.677000+00:00,66933.78,6e-05,buy,binance,BTCUSDT,0
31189840,2026-03-29T03:36:12.021000+00:00,66951.66,0.00817,sell,binance,BTCUSDT,0
31189841,2026-03-29T03:36:14.562000+00:00,66949.15,0.00024,sell,binance,BTCUSDT,0
31189842,2026-03-29T03:36:40.466000+00:00,66965.56,0.00015,buy,binance,BTCUSDT,0
31189843,2026-03-29T03:42:18.497000+00:00,66921.66,0.00777,sell,binance,BTCUSDT,0
31189844,2026-03-29T03:42:21.724000+00:00,66946.44,6e-05,buy,binance,BTCUSDT,0
31189845,2026-03-29T03:42:21.856000+00:00,66946.44,6e-05,buy,binance,BTCUSDT,0
31189846,2026-03-29T03:42:22.418000+00:00,66946.44,6e-05,buy,binance,BTCUSDT,0
31189847,2026-03-29T03:42:22.432000+00:00,66946.44,6e-05,buy,binance,BTCUSDT,0
31189848,2026-03-29T03:42:57.982000+00:00,66915.96,0.00023,sell,binance,BTCUSDT,0
31189849,2026-03-29T03:43:00.600000+00:00,66931.64,6e-05,buy,binance,BTCUSDT,0
31189850,2026-03-29T03:43:00.608000+00:00,66931.64,6e-05,buy,binance,BTCUSDT,0
31189851,2026-03-29T03:43:00.797000+00:00,66931.65,6e-05,buy,binance,BTCUSDT,0
31189852,2026-03-29T03:43:00.811000+00:00,66931.65,6e-05,buy,binance,BTCUSDT,0
31189853,2026-03-29T03:43:37.877000+00:00,66903.66,0.00024,sell,binance,BTCUSDT,0
31189854,2026-03-29T03:43:40.565000+00:00,66923.95,6e-05,buy,binance,BTCUSDT,0
31189855,2026-03-29T03:43:40.565000+00:00,66923.95,6e-05,buy,binance,BTCUSDT,0
31189856,2026-03-29T03:43:40.577000+00:00,66923.95,6e-05,buy,binance,BTCUSDT,0
31189857,2026-03-29T03:43:40.577000+00:00,66923.95,6e-05,buy,binance,BTCUSDT,0
31189858,2026-03-29T03:44:29.268000+00:00,66918.8,0.00024,sell,binance,BTCUSDT,0
31189859,2026-03-29T03:44:32.048000+00:00,66944.11,6e-05,buy,binance,BTCUSDT,0
31189860,2026-03-29T03:44:32.048000+00:00,66944.11,6e-05,buy,binance,BTCUSDT,0
31189861,2026-03-29T03:44:32.133000+00:00,66944.11,6e-05,buy,binance,BTCUSDT,0
31189862,2026-03-29T03:44:32.193000+00:00,66944.11,6e-05,buy,binance,BTCUSDT,0
31189863,2026-03-29T03:44:34.788000+00:00,66927.89,0.00024,sell,binance,BTCUSDT,0
31189864,2026-03-29T03:45:27.230000+00:00,66931.28,6e-05,buy,binance,BTCUSDT,0
31189865,2026-03-29T03:45:27.422000+00:00,66931.28,6e-05,buy,binance,BTCUSDT,0
31189866,2026-03-29T03:45:27.468000+00:00,66931.28,6e-05,buy,binance,BTCUSDT,0
31189867,2026-03-29T03:45:30.778000+00:00,66916.75,0.00018,sell,binance,BTCUSDT,0
31189868,2026-03-29T03:45:34.201000+00:00,66931.28,6e-05,buy,binance,BTCUSDT,0
31189869,2026-03-29T03:45:34.969000+00:00,66931.28,6e-05,buy,binance,BTCUSDT,0
31189870,2026-03-29T03:45:35.005000+00:00,66931.28,6e-05,buy,binance,BTCUSDT,0
31189871,2026-03-29T03:45:49.350000+00:00,66905.27,0.00018,sell,binance,BTCUSDT,0
31189872,2026-03-29T03:45:51.811000+00:00,66923.87,6e-05,buy,binance,BTCUSDT,0
31189873,2026-03-29T03:45:52.002000+00:00,66923.87,6e-05,buy,binance,BTCUSDT,0
31189874,2026-03-29T03:45:52.028000+00:00,66923.87,6e-05,buy,binance,BTCUSDT,0
31189875,2026-03-29T03:45:52.297000+00:00,66923.88,6e-05,buy,binance,BTCUSDT,0
31189876,2026-03-29T03:46:08.824000+00:00,66922.43,0.00012,buy,binance,BTCUSDT,0
31189877,2026-03-29T03:46:27.511000+00:00,66904.5,0.00024,sell,binance,BTCUSDT,0
31189878,2026-03-29T03:46:30.477000+00:00,66901.63,6e-05,buy,binance,BTCUSDT,0
31189879,2026-03-29T03:46:30.478000+00:00,66901.63,6e-05,buy,binance,BTCUSDT,0
31189880,2026-03-29T03:46:30.479000+00:00,66901.63,6e-05,buy,binance,BTCUSDT,0
31189881,2026-03-29T03:46:30.541000+00:00,66901.63,6e-05,buy,binance,BTCUSDT,0
31189882,2026-03-29T03:48:20.857000+00:00,66892.49,3e-05,buy,binance,BTCUSDT,0
31189883,2026-03-29T03:48:24.423000+00:00,66897.55,0.00013,buy,binance,BTCUSDT,0
31189884,2026-03-29T03:48:27.443000+00:00,66880.66,0.00012,sell,binance,BTCUSDT,0
31189885,2026-03-29T03:54:51.315000+00:00,66941.25,0.00029,buy,binance,BTCUSDT,0
31189886,2026-03-29T03:54:59.903000+00:00,66941.26,0.00014,buy,binance,BTCUSDT,0
31189887,2026-03-29T03:55:10.250000+00:00,66960.09,0.00014,buy,binance,BTCUSDT,0
31189888,2026-03-29T03:56:03.321000+00:00,66929.68,2e-05,buy,binance,BTCUSDT,0
31189889,2026-03-29T03:56:03.321000+00:00,66929.68,0.0002,buy,binance,BTCUSDT,0
31189890,2026-03-29T03:56:13.449000+00:00,66929.68,0.00029,buy,binance,BTCUSDT,0
31189891,2026-03-29T03:56:18.979000+00:00,66907.33,0.003,sell,binance,BTCUSDT,0
31189892,2026-03-29T03:56:18.979000+00:00,66907.32,0.00536,sell,binance,BTCUSDT,0
31189893,2026-03-29T03:56:24.264000+00:00,66929.68,0.00044,buy,binance,BTCUSDT,0
31189894,2026-03-29T03:56:54.856000+00:00,66929.67,0.00052,buy,binance,BTCUSDT,0
31189895,2026-03-29T03:57:19.718000+00:00,66943.11,0.00052,buy,binance,BTCUSDT,0
31189896,2026-03-29T03:58:01.852000+00:00,66929.0,0.00059,sell,binance,BTCUSDT,0
31189897,2026-03-29T03:58:53.359000+00:00,66902.52,0.00314,sell,binance,BTCUSDT,0
31189898,2026-03-29T04:01:05.330000+00:00,66943.44,0.00224,buy,binance,BTCUSDT,0
31189899,2026-03-29T04:02:50.548000+00:00,66865.75,0.00022,buy,binance,BTCUSDT,0
31189900,2026-03-29T04:04:05.346000+00:00,66867.43,3e-05,buy,binance,BTCUSDT,0
31189901,2026-03-29T04:04:59.251000+00:00,66881.57,0.00037,buy,binance,BTCUSDT,0
31189902,2026-03-29T04:05:29.443000+00:00,66881.56,0.00014,buy,binance,BTCUSDT,0
31189903,2026-03-29T04:06:20.559000+00:00,66888.73,7e-05,buy,binance,BTCUSDT,0
31189904,2026-03-29T04:07:13.289000+00:00,66906.1,7e-05,buy,binance,BTCUSDT,0
31189905,2026-03-29T04:07:35.629000+00:00,66927.66,0.00075,buy,binance,BTCUSDT,0
31189906,2026-03-29T04:07:48.526000+00:00,66935.35,0.00022,buy,binance,BTCUSDT,0
31189907,2026-03-29T04:08:05.555000+00:00,66934.34,0.00014,buy,binance,BTCUSDT,0
31189908,2026-03-29T04:08:38.027000+00:00,66917.35,0.00043,sell,binance,BTCUSDT,0
31189909,2026-03-29T04:11:18.425000+00:00,66899.45,0.00045,sell,binance,BTCUSDT,0
31189910,2026-03-29T04:11:29.045000+00:00,66915.56,0.00019,buy,binance,BTCUSDT,0
31189911,2026-03-29T04:12:52.575000+00:00,66928.88,0.00014,buy,binance,BTCUSDT,0
31189912,2026-03-29T04:13:35.365000+00:00,66920.74,0.0003,buy,binance,BTCUSDT,0
31189913,2026-03-29T04:13:50.089000+00:00,66899.22,0.00027,sell,binance,BTCUSDT,0
31189914,2026-03-29T04:13:50.452000+00:00,66920.74,0.00015,buy,binance,BTCUSDT,0
31189915,2026-03-29T04:15:20.525000+00:00,66911.06,0.00104,buy,binance,BTCUSDT,0
31189916,2026-03-29T04:17:20.036000+00:00,66892.91,0.00014,buy,binance,BTCUSDT,0
31189917,2026-03-29T04:17:36.393000+00:00,66868.53,0.00013,sell,binance,BTCUSDT,0
31189918,2026-03-29T04:20:45.915000+00:00,66790.0,0.00011,sell,binance,BTCUSDT,0
31189919,2026-03-29T04:20:49.111000+00:00,66804.3,0.00017,sell,binance,BTCUSDT,0
31189920,2026-03-29T04:21:21.936000+00:00,66784.69,0.03746,sell,binance,BTCUSDT,0
31189921,2026-03-29T04:21:21.936000+00:00,66780.42,0.00782,sell,binance,BTCUSDT,0
31189922,2026-03-29T04:22:18.345000+00:00,66848.03,0.00021,sell,binance,BTCUSDT,0
31189923,2026-03-29T04:24:10.799000+00:00,66851.54,0.00299,sell,binance,BTCUSDT,0
31189924,2026-03-29T04:25:55.843000+00:00,66821.24,0.00014,sell,binance,BTCUSDT,0
31189925,2026-03-29T04:29:37.014000+00:00,66818.73,0.00204,buy,binance,BTCUSDT,0
31189926,2026-03-29T04:29:37.014000+00:00,66818.73,0.04,buy,binance,BTCUSDT,0
31189927,2026-03-29T04:29:37.014000+00:00,66818.74,0.01033,buy,binance,BTCUSDT,0
31189928,2026-03-29T04:31:05.696000+00:00,66836.02,0.00014,buy,binance,BTCUSDT,0
31189929,2026-03-29T04:31:13.899000+00:00,66815.91,0.00013,sell,binance,BTCUSDT,0
31189930,2026-03-29T04:34:17.027000+00:00,66802.97,0.00014,buy,binance,BTCUSDT,0
31189931,2026-03-29T04:36:41.461000+00:00,66813.48,0.00017,sell,binance,BTCUSDT,0
31189932,2026-03-29T04:37:17.160000+00:00,66805.64,0.00022,sell,binance,BTCUSDT,0
31189933,2026-03-29T04:37:39.817000+00:00,66803.41,0.00074,sell,binance,BTCUSDT,0
31189934,2026-03-29T04:39:08.615000+00:00,66818.91,0.00014,buy,binance,BTCUSDT,0
31189935,2026-03-29T04:40:35.315000+00:00,66826.64,7e-05,buy,binance,BTCUSDT,0
31189936,2026-03-29T04:42:32.719000+00:00,66803.34,0.00014,sell,binance,BTCUSDT,0
31189937,2026-03-29T04:55:06.763000+00:00,66764.86,0.00011,sell,binance,BTCUSDT,0
31189938,2026-03-29T04:58:16.895000+00:00,66750.0,0.0003,sell,binance,BTCUSDT,0
31189939,2026-03-29T05:00:35.446000+00:00,66737.68,7e-05,buy,binance,BTCUSDT,0
31189940,2026-03-29T05:01:50.367000+00:00,66741.62,7e-05,buy,binance,BTCUSDT,0
31189941,2026-03-29T05:01:50.367000+00:00,66741.63,0.00015,buy,binance,BTCUSDT,0
31189942,2026-03-29T05:04:05.760000+00:00,66737.64,0.00225,sell,binance,BTCUSDT,0
31189943,2026-03-29T05:04:50.362000+00:00,66749.93,0.00149,buy,binance,BTCUSDT,0
31189944,2026-03-29T05:06:24.491000+00:00,66725.8,0.00037,buy,binance,BTCUSDT,0
31189945,2026-03-29T05:09:05.361000+00:00,66704.8,0.00018,buy,binance,BTCUSDT,0
31189946,2026-03-29T05:09:19.861000+00:00,66690.75,0.00221,sell,binance,BTCUSDT,0
31189947,2026-03-29T05:10:20.545000+00:00,66736.61,4e-05,buy,binance,BTCUSDT,0
31189948,2026-03-29T05:10:29.176000+00:00,66729.2,0.00049,buy,binance,BTCUSDT,0
31189949,2026-03-29T05:11:35.206000+00:00,66721.78,0.00028,buy,binance,BTCUSDT,0
31189950,2026-03-29T05:14:56.441000+00:00,66711.21,0.00501,sell,binance,BTCUSDT,0
31189951,2026-03-29T05:25:56.711000+00:00,66728.25,0.04566,sell,binance,BTCUSDT,0
31189952,2026-03-29T05:25:56.711000+00:00,66722.97,0.00809,sell,binance,BTCUSDT,0
31189953,2026-03-29T05:25:56.744000+00:00,66725.46,0.00786,sell,binance,BTCUSDT,0
31189954,2026-03-29T05:25:56.836000+00:00,66640.6,0.00017,sell,binance,BTCUSDT,0
31189955,2026-03-29T05:25:56.836000+00:00,66636.12,0.00954,sell,binance,BTCUSDT,0
31189956,2026-03-29T05:26:39.384000+00:00,66595.85,0.0003,sell,binance,BTCUSDT,0
31189957,2026-03-29T05:27:23.743000+00:00,66623.02,0.00692,sell,binance,BTCUSDT,0
31189958,2026-03-29T05:27:23.743000+00:00,66615.58,0.01499,sell,binance,BTCUSDT,0
31189959,2026-03-29T05:27:23.743000+00:00,66615.57,0.03755,sell,binance,BTCUSDT,0
31189960,2026-03-29T05:27:23.743000+00:00,66609.28,0.06671,sell,binance,BTCUSDT,0
31189961,2026-03-29T05:27:23.743000+00:00,66606.7,0.00017,sell,binance,BTCUSDT,0
31189962,2026-03-29T05:27:23.743000+00:00,66595.8,0.01079,sell,binance,BTCUSDT,0
31189963,2026-03-29T05:27:23.743000+00:00,66593.67,0.00017,sell,binance,BTCUSDT,0
31189964,2026-03-29T05:27:23.743000+00:00,66546.97,0.01226,sell,binance,BTCUSDT,0
31189965,2026-03-29T05:27:29.624000+00:00,66606.57,0.00014,sell,binance,BTCUSDT,0
31189966,2026-03-29T05:33:26.748000+00:00,66661.69,4e-05,buy,binance,BTCUSDT,0
31189967,2026-03-29T05:36:29.441000+00:00,66618.66,0.00033,buy,binance,BTCUSDT,0
31189968,2026-03-29T05:37:27.296000+00:00,66631.03,0.0003,buy,binance,BTCUSDT,0
31189969,2026-03-29T05:37:27.296000+00:00,66631.04,7e-05,buy,binance,BTCUSDT,0
31189970,2026-03-29T05:38:13.132000+00:00,66670.85,0.0003,buy,binance,BTCUSDT,0
31189971,2026-03-29T05:39:38.729000+00:00,66681.38,0.00153,buy,binance,BTCUSDT,0
31189972,2026-03-29T05:40:10.813000+00:00,66671.92,0.0002,buy,binance,BTCUSDT,0
31189973,2026-03-29T05:42:47.285000+00:00,66683.21,0.00032,buy,binance,BTCUSDT,0
31189974,2026-03-29T05:46:51.220000+00:00,66670.61,0.0012,sell,binance,BTCUSDT,0
31189975,2026-03-29T05:52:52.560000+00:00,66724.89,0.00041,sell,binance,BTCUSDT,0
31189976,2026-03-29T05:53:12.969000+00:00,66765.01,0.04,buy,binance,BTCUSDT,0
31189977,2026-03-29T05:53:12.969000+00:00,66765.02,0.14573,buy,binance,BTCUSDT,0
31189978,2026-03-29T05:53:12.993000+00:00,66781.86,0.00057,buy,binance,BTCUSDT,0
31189979,2026-03-29T05:57:01.533000+00:00,66805.46,0.00011,buy,binance,BTCUSDT,0
31189980,2026-03-29T06:04:20.524000+00:00,66845.91,0.00015,buy,binance,BTCUSDT,0
31189981,2026-03-29T06:12:23.856000+00:00,66852.15,7e-05,buy,binance,BTCUSDT,0
31189982,2026-03-29T06:13:50.525000+00:00,66851.82,0.00015,buy,binance,BTCUSDT,0
31189983,2026-03-29T06:14:05.459000+00:00,66851.82,0.00015,buy,binance,BTCUSDT,0
31189984,2026-03-29T06:14:30.499000+00:00,66864.69,0.04,buy,binance,BTCUSDT,0
31189985,2026-03-29T06:14:30.499000+00:00,66864.7,0.11071,buy,binance,BTCUSDT,0
31189986,2026-03-29T06:14:33.916000+00:00,66841.83,0.00658,sell,binance,BTCUSDT,0
31189987,2026-03-29T06:27:36.398000+00:00,66651.64,0.00014,buy,binance,BTCUSDT,0
31189988,2026-03-29T06:30:17.988000+00:00,66686.05,0.00014,sell,binance,BTCUSDT,0
31189989,2026-03-29T06:31:01.481000+00:00,66716.65,0.00014,buy,binance,BTCUSDT,0
31189990,2026-03-29T06:31:53.118000+00:00,66735.84,0.00299,buy,binance,BTCUSDT,0
31189991,2026-03-29T06:32:29.159000+00:00,66715.28,0.00014,sell,binance,BTCUSDT,0
31189992,2026-03-29T06:35:00.493000+00:00,66700.81,0.00014,buy,binance,BTCUSDT,0
31189993,2026-03-29T06:51:48.247000+00:00,66675.61,0.00014,sell,binance,BTCUSDT,0
31189994,2026-03-29T06:55:22.912000+00:00,66787.48,0.0014,buy,binance,BTCUSDT,0
31189995,2026-03-29T06:57:10.471000+00:00,66752.9,0.00014,buy,binance,BTCUSDT,0
31189996,2026-03-29T07:00:24.653000+00:00,66702.65,0.00012,buy,binance,BTCUSDT,0
31189997,2026-03-29T07:01:20.465000+00:00,66677.18,0.00015,buy,binance,BTCUSDT,0
31189998,2026-03-29T07:02:50.535000+00:00,66626.91,7e-05,buy,binance,BTCUSDT,0
31189999,2026-03-29T07:04:32.358000+00:00,66602.5,0.00045,buy,binance,BTCUSDT,0
31190000,2026-03-29T07:07:49.472000+00:00,66570.49,0.00795,sell,binance,BTCUSDT,0
31190001,2026-03-29T07:07:49.472000+00:00,66564.5,0.00017,sell,binance,BTCUSDT,0
31190002,2026-03-29T07:07:49.472000+00:00,66564.13,0.14229,sell,binance,BTCUSDT,0
31190003,2026-03-29T07:08:35.357000+00:00,66577.47,4e-05,buy,binance,BTCUSDT,0
31190004,2026-03-29T07:09:50.459000+00:00,66572.22,0.00213,buy,binance,BTCUSDT,0
31190005,2026-03-29T07:10:06.052000+00:00,66572.21,3e-05,buy,binance,BTCUSDT,0
31190006,2026-03-29T07:11:35.355000+00:00,66576.63,0.00015,buy,binance,BTCUSDT,0
31190007,2026-03-29T07:12:50.560000+00:00,66576.52,0.00217,buy,binance,BTCUSDT,0
31190008,2026-03-29T07:25:05.361000+00:00,66672.59,6e-05,sell,binance,BTCUSDT,0
31190009,2026-03-29T07:29:52.139000+00:00,66678.34,0.00014,buy,binance,BTCUSDT,0
31190010,2026-03-29T07:35:36.261000+00:00,66638.88,0.00024,sell,binance,BTCUSDT,0
31190011,2026-03-29T07:38:18.150000+00:00,66675.29,0.048,sell,binance,BTCUSDT,0
31190012,2026-03-29T07:38:18.150000+00:00,66675.28,0.00811,sell,binance,BTCUSDT,0
31190013,2026-03-29T07:38:18.150000+00:00,66667.33,0.01279,sell,binance,BTCUSDT,0
31190014,2026-03-29T07:38:18.150000+00:00,66667.32,0.03348,sell,binance,BTCUSDT,0
31190015,2026-03-29T07:38:27.752000+00:00,66698.99,0.00037,buy,binance,BTCUSDT,0
31190016,2026-03-29T07:38:35.589000+00:00,66692.99,0.00037,buy,binance,BTCUSDT,0
31190017,2026-03-29T07:38:49.859000+00:00,66692.98,0.00024,buy,binance,BTCUSDT,0
31190018,2026-03-29T07:38:49.859000+00:00,66692.99,0.00013,buy,binance,BTCUSDT,0
31190019,2026-03-29T07:38:59.648000+00:00,66680.53,0.00037,buy,binance,BTCUSDT,0
31190020,2026-03-29T07:39:14.015000+00:00,66653.82,0.00075,sell,binance,BTCUSDT,0
31190021,2026-03-29T07:39:15.588000+00:00,66678.97,0.00037,buy,binance,BTCUSDT,0
31190022,2026-03-29T07:39:47.142000+00:00,66680.1,0.00037,buy,binance,BTCUSDT,0
31190023,2026-03-29T07:40:04.228000+00:00,66640.1,0.00037,buy,binance,BTCUSDT,0
31190024,2026-03-29T07:40:40.094000+00:00,66626.17,0.00037,buy,binance,BTCUSDT,0
31190025,2026-03-29T07:41:26.507000+00:00,66612.64,0.00295,sell,binance,BTCUSDT,0
31190026,2026-03-29T07:45:00.325000+00:00,66656.75,0.00015,buy,binance,BTCUSDT,0
31190027,2026-03-29T07:55:35.177000+00:00,66706.73,6e-05,sell,binance,BTCUSDT,0
31190028,2026-03-29T08:00:52.992000+00:00,66676.11,0.00015,buy,binance,BTCUSDT,0
31190029,2026-03-29T08:06:20.727000+00:00,66712.11,7e-05,buy,binance,BTCUSDT,0
31190030,2026-03-29T08:07:20.555000+00:00,66715.26,0.00015,buy,binance,BTCUSDT,0
31190031,2026-03-29T08:08:05.430000+00:00,66762.02,7e-05,buy,binance,BTCUSDT,0
31190032,2026-03-29T08:09:30.649000+00:00,66732.39,0.00017,buy,binance,BTCUSDT,0
31190033,2026-03-29T08:10:31.810000+00:00,66658.59,0.00017,sell,binance,BTCUSDT,0
31190034,2026-03-29T08:11:20.434000+00:00,66669.14,0.00636,buy,binance,BTCUSDT,0
31190035,2026-03-29T08:14:50.369000+00:00,66661.35,3e-05,buy,binance,BTCUSDT,0
31190036,2026-03-29T08:17:18.752000+00:00,66651.86,0.0001,sell,binance,BTCUSDT,0
31190037,2026-03-29T08:22:58.326000+00:00,66626.74,0.00652,sell,binance,BTCUSDT,0
31190038,2026-03-29T08:22:58.326000+00:00,66625.61,0.00698,sell,binance,BTCUSDT,0
31190039,2026-03-29T08:26:09.020000+00:00,66668.79,0.00014,sell,binance,BTCUSDT,0
31190040,2026-03-29T08:30:02.321000+00:00,66690.17,0.00015,buy,binance,BTCUSDT,0
31190041,2026-03-29T08:30:02.321000+00:00,66690.18,0.00113,buy,binance,BTCUSDT,0
31190042,2026-03-29T08:49:58.305000+00:00,66750.03,0.00792,sell,binance,BTCUSDT,0
31190043,2026-03-29T08:53:53.550000+00:00,66714.34,0.00082,buy,binance,BTCUSDT,0
31190044,2026-03-29T09:05:50.355000+00:00,66685.66,6e-05,buy,binance,BTCUSDT,0
31190045,2026-03-29T09:07:10.294000+00:00,66639.0,0.00018,sell,binance,BTCUSDT,0
31190046,2026-03-29T09:08:15.382000+00:00,66658.09,0.00129,buy,binance,BTCUSDT,0
31190047,2026-03-29T09:09:05.359000+00:00,66669.52,0.00019,buy,binance,BTCUSDT,0
31190048,2026-03-29T09:16:46.965000+00:00,66710.2,0.00134,buy,binance,BTCUSDT,0
31190049,2026-03-29T09:16:46.965000+00:00,66715.6,0.02859,buy,binance,BTCUSDT,0
31190050,2026-03-29T09:20:11.415000+00:00,66660.0,7e-05,sell,binance,BTCUSDT,0
31190051,2026-03-29T09:20:25.996000+00:00,66650.0,7e-05,sell,binance,BTCUSDT,0
31190052,2026-03-29T09:30:18.392000+00:00,66661.01,0.00014,sell,binance,BTCUSDT,0
31190053,2026-03-29T09:33:53.454000+00:00,66666.72,0.00745,sell,binance,BTCUSDT,0
31190054,2026-03-29T09:33:54.711000+00:00,66642.4,0.00018,sell,binance,BTCUSDT,0
31190055,2026-03-29T09:33:58.135000+00:00,66630.2,0.00018,sell,binance,BTCUSDT,0
31190056,2026-03-29T09:33:58.515000+00:00,66616.5,0.00018,sell,binance,BTCUSDT,0
31190057,2026-03-29T09:34:02.473000+00:00,66598.5,0.00018,sell,binance,BTCUSDT,0
31190058,2026-03-29T09:34:02.521000+00:00,66594.7,0.00018,sell,binance,BTCUSDT,0
31190059,2026-03-29T09:34:03.031000+00:00,66566.0,0.00018,sell,binance,BTCUSDT,0
31190060,2026-03-29T09:34:27.901000+00:00,66562.05,0.02716,buy,binance,BTCUSDT,0
31190061,2026-03-29T09:34:43.848000+00:00,66586.6,0.00018,buy,binance,BTCUSDT,0
31190062,2026-03-29T09:57:04.342000+00:00,66632.42,0.00011,sell,binance,BTCUSDT,0
31190063,2026-03-29T10:01:26.181000+00:00,66569.7,0.00021,buy,binance,BTCUSDT,0
31190064,2026-03-29T10:04:50.459000+00:00,66563.04,0.0015,buy,binance,BTCUSDT,0
31190065,2026-03-29T10:05:35.444000+00:00,66562.42,0.00015,buy,binance,BTCUSDT,0
31190066,2026-03-29T10:19:51.549000+00:00,66500.67,0.00974,sell,binance,BTCUSDT,0
31190067,2026-03-29T10:19:51.631000+00:00,66482.42,0.00809,buy,binance,BTCUSDT,0
31190068,2026-03-29T10:20:34.848000+00:00,66474.85,0.00018,sell,binance,BTCUSDT,0
31190069,2026-03-29T10:34:01.039000+00:00,66452.02,0.00974,sell,binance,BTCUSDT,0
31190070,2026-03-29T10:34:40.503000+00:00,66441.82,0.00838,buy,binance,BTCUSDT,0
31190071,2026-03-29T10:34:40.734000+00:00,66438.41,0.01083,sell,binance,BTCUSDT,0
31190072,2026-03-29T10:34:59.265000+00:00,66430.94,0.00588,sell,binance,BTCUSDT,0
31190073,2026-03-29T10:39:04.144000+00:00,66529.49,0.00175,buy,binance,BTCUSDT,0
31190074,2026-03-29T10:41:03.730000+00:00,66502.95,0.0007,sell,binance,BTCUSDT,0
31190075,2026-03-29T10:43:35.444000+00:00,66521.01,3e-05,buy,binance,BTCUSDT,0
31190076,2026-03-29T10:44:56.419000+00:00,66543.75,0.00676,sell,binance,BTCUSDT,0
31190077,2026-03-29T10:45:46.057000+00:00,66541.51,3e-05,sell,binance,BTCUSDT,0
31190078,2026-03-29T10:59:13.759000+00:00,66503.8,0.00136,sell,binance,BTCUSDT,0
31190079,2026-03-29T11:03:20.587000+00:00,66560.28,0.00837,sell,binance,BTCUSDT,0
31190080,2026-03-29T11:07:12.852000+00:00,66863.7,0.00015,buy,binance,BTCUSDT,0
31190081,2026-03-29T11:07:20.363000+00:00,66863.68,0.0001,buy,binance,BTCUSDT,0
31190082,2026-03-29T11:08:20.533000+00:00,66800.69,7e-05,buy,binance,BTCUSDT,0
31190083,2026-03-29T11:10:35.418000+00:00,66810.99,7e-05,buy,binance,BTCUSDT,0
31190084,2026-03-29T11:13:50.433000+00:00,66798.85,7e-05,buy,binance,BTCUSDT,0
31190085,2026-03-29T11:14:22.763000+00:00,66777.0,0.55381,sell,binance,BTCUSDT,0
31190086,2026-03-29T11:14:28.250000+00:00,66777.0,0.55381,sell,binance,BTCUSDT,0
31190087,2026-03-29T11:14:28.255000+00:00,66777.0,0.0001,sell,binance,BTCUSDT,0
31190088,2026-03-29T11:14:50.349000+00:00,66797.69,0.0001,buy,binance,BTCUSDT,0
31190089,2026-03-29T11:14:51.218000+00:00,66797.69,0.00019,buy,binance,BTCUSDT,0
31190090,2026-03-29T11:15:21.875000+00:00,66776.6,0.00019,sell,binance,BTCUSDT,0
31190091,2026-03-29T11:24:56.677000+00:00,66827.94,0.00805,sell,binance,BTCUSDT,0
31190092,2026-03-29T11:30:13.460000+00:00,66867.18,0.00014,buy,binance,BTCUSDT,0
31190093,2026-03-29T11:44:37.137000+00:00,66901.36,0.00588,buy,binance,BTCUSDT,0
31190094,2026-03-29T11:45:20.564000+00:00,66921.32,0.00969,buy,binance,BTCUSDT,0
31190095,2026-03-29T11:46:18.359000+00:00,66900.76,0.00643,sell,binance,BTCUSDT,0
31190096,2026-03-29T11:46:28.069000+00:00,66953.54,0.00781,buy,binance,BTCUSDT,0
31190097,2026-03-29T11:48:25.691000+00:00,66847.79,0.00293,sell,binance,BTCUSDT,0
31190098,2026-03-29T11:48:27.060000+00:00,66847.79,0.00423,sell,binance,BTCUSDT,0
31190099,2026-03-29T11:54:21.959000+00:00,66822.42,0.00734,sell,binance,BTCUSDT,0
31190100,2026-03-29T11:55:03.658000+00:00,66844.54,0.00101,buy,binance,BTCUSDT,0
31190101,2026-03-29T11:55:20.388000+00:00,66852.69,0.0009,buy,binance,BTCUSDT,0
31190102,2026-03-29T12:01:23.050000+00:00,66848.58,3e-05,buy,binance,BTCUSDT,0
31190103,2026-03-29T12:03:05.335000+00:00,66851.39,0.00149,buy,binance,BTCUSDT,0
31190104,2026-03-29T12:04:33.051000+00:00,66811.51,0.00047,sell,binance,BTCUSDT,0
31190105,2026-03-29T12:04:35.354000+00:00,66846.4,0.00015,buy,binance,BTCUSDT,0
31190106,2026-03-29T12:09:17.950000+00:00,66817.53,0.00015,buy,binance,BTCUSDT,0
31190107,2026-03-29T12:10:04.796000+00:00,66804.91,7e-05,buy,binance,BTCUSDT,0
31190108,2026-03-29T12:10:05.362000+00:00,66804.91,0.00045,buy,binance,BTCUSDT,0
31190109,2026-03-29T12:10:20.727000+00:00,66804.9,7e-05,buy,binance,BTCUSDT,0
31190110,2026-03-29T12:10:20.790000+00:00,66804.9,7e-05,buy,binance,BTCUSDT,0
31190111,2026-03-29T12:13:46.738000+00:00,66828.78,0.00041,buy,binance,BTCUSDT,0
31190112,2026-03-29T12:21:41.646000+00:00,66788.79,0.00014,buy,binance,BTCUSDT,0
31190113,2026-03-29T12:21:53.675000+00:00,66775.72,0.00048,sell,binance,BTCUSDT,0
31190114,2026-03-29T12:28:14.815000+00:00,66781.42,0.00133,sell,binance,BTCUSDT,0
31190115,2026-03-29T12:28:35.960000+00:00,66781.42,0.00085,sell,binance,BTCUSDT,0
31190116,2026-03-29T12:35:35.338000+00:00,66748.88,0.00015,buy,binance,BTCUSDT,0
31190117,2026-03-29T12:41:26.293000+00:00,66782.36,0.00811,sell,binance,BTCUSDT,0
31190118,2026-03-29T12:41:35.385000+00:00,66800.47,0.00033,buy,binance,BTCUSDT,0
31190119,2026-03-29T12:47:01.334000+00:00,66767.5,0.00015,sell,binance,BTCUSDT,0
31190120,2026-03-29T12:47:20.564000+00:00,66800.9,7e-05,buy,binance,BTCUSDT,0
31190121,2026-03-29T12:53:38.474000+00:00,66874.22,0.00159,buy,binance,BTCUSDT,0
31190122,2026-03-29T13:01:20.718000+00:00,66863.52,6e-05,buy,binance,BTCUSDT,0
31190123,2026-03-29T13:02:31.548000+00:00,66823.36,0.00371,sell,binance,BTCUSDT,0
31190124,2026-03-29T13:03:33.616000+00:00,66824.33,7e-05,sell,binance,BTCUSDT,0
31190125,2026-03-29T13:04:50.333000+00:00,66829.13,2e-05,buy,binance,BTCUSDT,0
31190126,2026-03-29T13:06:20.367000+00:00,66808.29,0.001,buy,binance,BTCUSDT,0
31190127,2026-03-29T13:06:50.542000+00:00,66817.44,3e-05,buy,binance,BTCUSDT,0
31190128,2026-03-29T13:07:35.551000+00:00,66729.98,0.00227,buy,binance,BTCUSDT,0
31190129,2026-03-29T13:07:35.648000+00:00,66728.67,0.00224,buy,binance,BTCUSDT,0
31190130,2026-03-29T13:08:12.516000+00:00,66702.0,0.15047,sell,binance,BTCUSDT,0
31190131,2026-03-29T13:08:12.521000+00:00,66702.0,0.08954,sell,binance,BTCUSDT,0
31190132,2026-03-29T13:08:15.475000+00:00,66655.37,0.003,sell,binance,BTCUSDT,0
31190133,2026-03-29T13:08:15.498000+00:00,66640.82,0.007,sell,binance,BTCUSDT,0
31190134,2026-03-29T13:08:15.535000+00:00,66640.82,0.01349,sell,binance,BTCUSDT,0
31190135,2026-03-29T13:08:15.768000+00:00,66632.21,0.003,sell,binance,BTCUSDT,0
31190136,2026-03-29T13:08:35.370000+00:00,66606.0,0.00018,buy,binance,BTCUSDT,0
31190137,2026-03-29T13:08:35.370000+00:00,66645.01,0.00027,buy,binance,BTCUSDT,0
31190138,2026-03-29T13:09:18.393000+00:00,66534.91,0.00291,sell,binance,BTCUSDT,0
31190139,2026-03-29T13:10:05.436000+00:00,66569.99,3e-05,buy,binance,BTCUSDT,0
31190140,2026-03-29T13:10:16.062000+00:00,66556.65,0.00014,sell,binance,BTCUSDT,0
31190141,2026-03-29T13:11:50.425000+00:00,66593.45,0.00075,buy,binance,BTCUSDT,0
31190142,2026-03-29T13:13:35.353000+00:00,66621.26,0.0003,buy,binance,BTCUSDT,0
31190143,2026-03-29T13:14:50.448000+00:00,66626.67,0.00037,buy,binance,BTCUSDT,0
31190144,2026-03-29T13:24:41.503000+00:00,66610.63,0.00093,sell,binance,BTCUSDT,0
31190145,2026-03-29T13:33:54.650000+00:00,66689.37,0.00015,buy,binance,BTCUSDT,0
31190146,2026-03-29T13:38:06.814000+00:00,66658.21,7e-05,buy,binance,BTCUSDT,0
31190147,2026-03-29T13:40:17.730000+00:00,66671.13,6e-05,sell,binance,BTCUSDT,0
31190148,2026-03-29T13:42:04.825000+00:00,66682.09,0.00147,buy,binance,BTCUSDT,0
31190149,2026-03-29T13:47:29.168000+00:00,66660.02,0.0006,sell,binance,BTCUSDT,0
31190150,2026-03-29T13:55:34.926000+00:00,66607.95,0.01949,buy,binance,BTCUSDT,0
31190151,2026-03-29T14:00:24.549000+00:00,66589.97,0.003,sell,binance,BTCUSDT,0
31190152,2026-03-29T14:00:24.549000+00:00,66588.96,0.00829,sell,binance,BTCUSDT,0
31190153,2026-03-29T14:00:24.549000+00:00,66588.03,0.20455,sell,binance,BTCUSDT,0
31190154,2026-03-29T14:00:24.575000+00:00,66589.97,0.04567,sell,binance,BTCUSDT,0
31190155,2026-03-29T14:00:24.578000+00:00,66577.22,0.00784,sell,binance,BTCUSDT,0
31190156,2026-03-29T14:00:24.663000+00:00,66563.5,0.00018,buy,binance,BTCUSDT,0
31190157,2026-03-29T14:00:35.348000+00:00,66541.86,4e-05,buy,binance,BTCUSDT,0
31190158,2026-03-29T14:01:14.293000+00:00,66500.01,9e-05,sell,binance,BTCUSDT,0
31190159,2026-03-29T14:03:41.345000+00:00,66500.0,0.0003,sell,binance,BTCUSDT,0
31190160,2026-03-29T14:03:50.524000+00:00,66498.65,0.00015,buy,binance,BTCUSDT,0
31190161,2026-03-29T14:03:50.537000+00:00,66498.65,0.00037,buy,binance,BTCUSDT,0
31190162,2026-03-29T14:04:05.425000+00:00,66498.64,4e-05,buy,binance,BTCUSDT,0
31190163,2026-03-29T14:04:54.655000+00:00,66519.5,3e-05,buy,binance,BTCUSDT,0
31190164,2026-03-29T14:05:35.349000+00:00,66506.93,0.0003,buy,binance,BTCUSDT,0
31190165,2026-03-29T14:05:54.054000+00:00,66520.89,0.0008,buy,binance,BTCUSDT,0
31190166,2026-03-29T14:06:05.424000+00:00,66513.97,0.00375,buy,binance,BTCUSDT,0
31190167,2026-03-29T14:06:40.039000+00:00,66497.98,7e-05,buy,binance,BTCUSDT,0
31190168,2026-03-29T14:08:35.424000+00:00,66530.89,0.0075,buy,binance,BTCUSDT,0
31190169,2026-03-29T14:11:50.527000+00:00,66688.09,0.00015,buy,binance,BTCUSDT,0
31190170,2026-03-29T14:12:16.450000+00:00,66750.0,0.0003,buy,binance,BTCUSDT,0
31190171,2026-03-29T14:12:50.524000+00:00,66739.39,0.00015,buy,binance,BTCUSDT,0
31190172,2026-03-29T14:12:50.533000+00:00,66739.39,0.00015,buy,binance,BTCUSDT,0
31190173,2026-03-29T14:13:50.422000+00:00,66714.24,7e-05,buy,binance,BTCUSDT,0
31190174,2026-03-29T14:14:17.464000+00:00,66691.84,0.00201,sell,binance,BTCUSDT,0
31190175,2026-03-29T14:14:50.388000+00:00,66684.53,0.00075,buy,binance,BTCUSDT,0
31190176,2026-03-29T14:29:13.833000+00:00,66581.16,0.00061,sell,binance,BTCUSDT,0
31190177,2026-03-29T14:30:29.708000+00:00,66551.01,0.00027,buy,binance,BTCUSDT,0
31190178,2026-03-29T14:33:01.831000+00:00,66571.07,0.00134,buy,binance,BTCUSDT,0
31190179,2026-03-29T14:41:27.392000+00:00,66571.57,0.003,sell,binance,BTCUSDT,0
31190180,2026-03-29T14:41:27.403000+00:00,66570.32,0.04448,sell,binance,BTCUSDT,0
31190181,2026-03-29T14:41:27.403000+00:00,66565.86,0.00808,sell,binance,BTCUSDT,0
31190182,2026-03-29T14:41:27.447000+00:00,66559.97,0.00831,sell,binance,BTCUSDT,0
31190183,2026-03-29T14:41:27.500000+00:00,66541.88,0.0376,buy,binance,BTCUSDT,0
31190184,2026-03-29T14:52:24.341000+00:00,66561.89,0.00101,sell,binance,BTCUSDT,0
31190185,2026-03-29T14:54:46.860000+00:00,66541.99,0.003,sell,binance,BTCUSDT,0
31190186,2026-03-29T14:54:46.860000+00:00,66541.98,0.00736,sell,binance,BTCUSDT,0
31190187,2026-03-29T14:54:46.860000+00:00,66540.56,0.00748,sell,binance,BTCUSDT,0
31190188,2026-03-29T14:56:00.386000+00:00,66554.06,0.00012,buy,binance,BTCUSDT,0
31190189,2026-03-29T14:56:01.913000+00:00,66554.06,0.00013,buy,binance,BTCUSDT,0
31190190,2026-03-29T14:56:03.781000+00:00,66554.06,0.00013,buy,binance,BTCUSDT,0
31190191,2026-03-29T14:56:04.144000+00:00,66554.06,0.00013,buy,binance,BTCUSDT,0
31190192,2026-03-29T14:56:04.890000+00:00,66554.06,0.00012,buy,binance,BTCUSDT,0
31190193,2026-03-29T15:00:11.936000+00:00,66722.99,0.00015,buy,binance,BTCUSDT,0
31190194,2026-03-29T15:00:25.359000+00:00,66695.23,0.0006,buy,binance,BTCUSDT,0
31190195,2026-03-29T15:01:20.459000+00:00,66699.29,0.00015,buy,binance,BTCUSDT,0
31190196,2026-03-29T15:03:53.866000+00:00,66660.39,0.00071,buy,binance,BTCUSDT,0
31190197,2026-03-29T15:04:21.575000+00:00,66628.91,0.0012,sell,binance,BTCUSDT,0
31190198,2026-03-29T15:04:35.333000+00:00,66622.25,7e-05,buy,binance,BTCUSDT,0
31190199,2026-03-29T15:05:20.363000+00:00,66665.88,0.00015,buy,binance,BTCUSDT,0
31190200,2026-03-29T15:05:20.426000+00:00,66665.88,7e-05,buy,binance,BTCUSDT,0
31190201,2026-03-29T15:07:20.842000+00:00,66649.36,0.0001,sell,binance,BTCUSDT,0
31190202,2026-03-29T15:08:20.514000+00:00,66676.18,7e-05,buy,binance,BTCUSDT,0
31190203,2026-03-29T15:08:28.309000+00:00,66676.75,0.04,buy,binance,BTCUSDT,0
31190204,2026-03-29T15:09:05.331000+00:00,66697.26,0.00015,buy,binance,BTCUSDT,0
31190205,2026-03-29T15:09:35.329000+00:00,66699.75,0.0003,buy,binance,BTCUSDT,0
31190206,2026-03-29T15:09:39.894000+00:00,66669.27,0.04171,sell,binance,BTCUSDT,0
31190207,2026-03-29T15:10:20.564000+00:00,66629.86,0.0003,buy,binance,BTCUSDT,0
31190208,2026-03-29T15:10:29.439000+00:00,66642.19,0.00075,buy,binance,BTCUSDT,0
31190209,2026-03-29T15:10:43.053000+00:00,66634.99,0.00015,buy,binance,BTCUSDT,0
31190210,2026-03-29T15:11:20.425000+00:00,66626.43,0.00015,buy,binance,BTCUSDT,0
31190211,2026-03-29T15:11:59.754000+00:00,66634.38,0.00037,buy,binance,BTCUSDT,0
31190212,2026-03-29T15:12:35.454000+00:00,66614.29,0.00016,buy,binance,BTCUSDT,0
31190213,2026-03-29T15:15:20.556000+00:00,66615.43,0.0003,buy,binance,BTCUSDT,0
31190214,2026-03-29T15:15:22.642000+00:00,66621.45,0.00019,buy,binance,BTCUSDT,0
31190215,2026-03-29T15:15:53.315000+00:00,66613.91,0.00019,sell,binance,BTCUSDT,0
31190216,2026-03-29T15:24:51.110000+00:00,66527.52,0.0079,sell,binance,BTCUSDT,0
31190217,2026-03-29T15:25:18.893000+00:00,66500.0,0.0003,sell,binance,BTCUSDT,0
31190218,2026-03-29T15:25:34.507000+00:00,66430.94,0.00588,sell,binance,BTCUSDT,0
31190219,2026-03-29T15:25:34.587000+00:00,66411.21,0.00075,sell,binance,BTCUSDT,0
31190220,2026-03-29T15:25:34.651000+00:00,66406.14,0.00015,sell,binance,BTCUSDT,0
31190221,2026-03-29T15:27:19.679000+00:00,66368.57,0.00025,sell,binance,BTCUSDT,0
31190222,2026-03-29T15:29:10.253000+00:00,66390.05,0.00014,sell,binance,BTCUSDT,0
31190223,2026-03-29T15:37:48.403000+00:00,66362.25,0.00378,sell,binance,BTCUSDT,0
31190224,2026-03-29T15:43:20.442000+00:00,66445.53,3e-05,buy,binance,BTCUSDT,0
31190225,2026-03-29T15:46:20.338000+00:00,66459.5,0.0002,sell,binance,BTCUSDT,0
31190226,2026-03-29T15:49:56.037000+00:00,66462.17,0.00029,buy,binance,BTCUSDT,0
31190227,2026-03-29T15:50:18.518000+00:00,66438.33,7e-05,sell,binance,BTCUSDT,0
31190228,2026-03-29T15:51:01.942000+00:00,66440.8,0.0022,sell,binance,BTCUSDT,0
31190229,2026-03-29T15:53:14.521000+00:00,66461.6,0.00015,buy,binance,BTCUSDT,0
31190230,2026-03-29T15:53:55.868000+00:00,66555.08,0.00123,buy,binance,BTCUSDT,0
31190231,2026-03-29T16:00:08.320000+00:00,66525.49,0.00024,buy,binance,BTCUSDT,0
31190232,2026-03-29T16:01:11.436000+00:00,66533.26,0.00015,buy,binance,BTCUSDT,0
31190233,2026-03-29T16:02:50.431000+00:00,66557.65,0.0015,buy,binance,BTCUSDT,0
31190234,2026-03-29T16:02:50.462000+00:00,66557.65,0.00015,buy,binance,BTCUSDT,0
31190235,2026-03-29T16:04:24.054000+00:00,66512.32,3e-05,buy,binance,BTCUSDT,0
31190236,2026-03-29T16:06:01.949000+00:00,66474.5,9e-05,buy,binance,BTCUSDT,0
31190237,2026-03-29T16:06:42.846000+00:00,66453.79,0.00086,buy,binance,BTCUSDT,0
31190238,2026-03-29T16:07:35.427000+00:00,66480.14,0.00405,buy,binance,BTCUSDT,0
31190239,2026-03-29T16:08:18.140000+00:00,66473.69,0.00806,sell,binance,BTCUSDT,0
31190240,2026-03-29T16:08:18.140000+00:00,66452.99,0.003,sell,binance,BTCUSDT,0
31190241,2026-03-29T16:08:18.140000+00:00,66452.98,0.01471,sell,binance,BTCUSDT,0
31190242,2026-03-29T16:08:18.140000+00:00,66452.96,0.05945,sell,binance,BTCUSDT,0
31190243,2026-03-29T16:08:20.418000+00:00,66483.69,0.0018,buy,binance,BTCUSDT,0
31190244,2026-03-29T16:08:32.461000+00:00,66456.96,0.003,sell,binance,BTCUSDT,0
31190245,2026-03-29T16:08:32.461000+00:00,66456.95,0.03764,sell,binance,BTCUSDT,0
31190246,2026-03-29T16:08:32.461000+00:00,66456.89,0.02328,sell,binance,BTCUSDT,0
31190247,2026-03-29T16:08:51.596000+00:00,66469.2,0.00615,sell,binance,BTCUSDT,0
31190248,2026-03-29T16:08:51.596000+00:00,66467.11,0.00775,sell,binance,BTCUSDT,0
31190249,2026-03-29T16:08:51.596000+00:00,66463.07,0.03404,sell,binance,BTCUSDT,0
31190250,2026-03-29T16:09:05.316000+00:00,66491.63,0.0003,buy,binance,BTCUSDT,0
31190251,2026-03-29T16:10:05.429000+00:00,66517.79,0.00075,buy,binance,BTCUSDT,0
31190252,2026-03-29T16:10:05.444000+00:00,66517.79,0.00075,buy,binance,BTCUSDT,0
31190253,2026-03-29T16:10:20.463000+00:00,66536.12,7e-05,buy,binance,BTCUSDT,0
31190254,2026-03-29T16:14:05.426000+00:00,66473.51,7e-05,buy,binance,BTCUSDT,0
31190255,2026-03-29T16:14:33.548000+00:00,66458.72,0.00017,buy,binance,BTCUSDT,0
31190256,2026-03-29T16:15:05.422000+00:00,66452.11,0.00751,buy,binance,BTCUSDT,0
31190257,2026-03-29T16:19:18.215000+00:00,66606.58,0.01199,sell,binance,BTCUSDT,0
31190258,2026-03-29T16:20:32.386000+00:00,66644.67,0.00833,buy,binance,BTCUSDT,0
31190259,2026-03-29T16:25:29.716000+00:00,66602.64,0.00015,sell,binance,BTCUSDT,0
31190260,2026-03-29T16:28:23.872000+00:00,66635.62,1e-05,buy,binance,BTCUSDT,0
31190261,2026-03-29T16:38:23.495000+00:00,66575.28,0.00012,buy,binance,BTCUSDT,0
31190262,2026-03-29T16:39:37.100000+00:00,66555.83,0.01495,buy,binance,BTCUSDT,0
31190263,2026-03-29T16:47:01.535000+00:00,66525.59,0.00051,buy,binance,BTCUSDT,0
31190264,2026-03-29T16:55:28.499000+00:00,66496.74,0.0001,buy,binance,BTCUSDT,0
31190265,2026-03-29T16:57:35.423000+00:00,66505.59,0.00012,sell,binance,BTCUSDT,0
31190266,2026-03-29T17:02:46.049000+00:00,66507.76,0.00075,buy,binance,BTCUSDT,0
31190267,2026-03-29T17:04:20.634000+00:00,66484.35,0.00028,buy,binance,BTCUSDT,0
31190268,2026-03-29T17:05:05.434000+00:00,66515.87,4e-05,buy,binance,BTCUSDT,0
31190269,2026-03-29T17:05:31.506000+00:00,66518.62,0.003,buy,binance,BTCUSDT,0
31190270,2026-03-29T17:05:50.530000+00:00,66531.96,0.00015,buy,binance,BTCUSDT,0
31190271,2026-03-29T17:06:05.334000+00:00,66524.24,0.00016,buy,binance,BTCUSDT,0
31190272,2026-03-29T17:07:05.345000+00:00,66531.06,0.0015,buy,binance,BTCUSDT,0
31190273,2026-03-29T17:08:05.431000+00:00,66531.15,0.00037,buy,binance,BTCUSDT,0
31190274,2026-03-29T17:08:50.525000+00:00,66541.18,0.00022,buy,binance,BTCUSDT,0
31190275,2026-03-29T17:09:05.318000+00:00,66535.12,0.00015,buy,binance,BTCUSDT,0
31190276,2026-03-29T17:09:10.759000+00:00,66506.9,0.00024,sell,binance,BTCUSDT,0
31190277,2026-03-29T17:09:11.686000+00:00,66523.96,8e-05,buy,binance,BTCUSDT,0
31190278,2026-03-29T17:09:13.215000+00:00,66523.96,8e-05,buy,binance,BTCUSDT,0
31190279,2026-03-29T17:09:13.216000+00:00,66523.96,8e-05,buy,binance,BTCUSDT,0
31190280,2026-03-29T17:09:20.564000+00:00,66523.96,0.0003,buy,binance,BTCUSDT,0
31190281,2026-03-29T17:09:35.391000+00:00,66533.52,0.0006,buy,binance,BTCUSDT,0
31190282,2026-03-29T17:09:43.590000+00:00,66513.57,0.00023,sell,binance,BTCUSDT,0
31190283,2026-03-29T17:09:45.427000+00:00,66529.9,8e-05,buy,binance,BTCUSDT,0
31190284,2026-03-29T17:09:45.468000+00:00,66529.9,8e-05,buy,binance,BTCUSDT,0
31190285,2026-03-29T17:09:45.477000+00:00,66529.9,8e-05,buy,binance,BTCUSDT,0
31190286,2026-03-29T17:09:46.294000+00:00,66512.83,0.00024,sell,binance,BTCUSDT,0
31190287,2026-03-29T17:09:48.080000+00:00,66529.9,8e-05,buy,binance,BTCUSDT,0
31190288,2026-03-29T17:09:48.081000+00:00,66529.9,8e-05,buy,binance,BTCUSDT,0
31190289,2026-03-29T17:09:48.109000+00:00,66529.9,8e-05,buy,binance,BTCUSDT,0
31190290,2026-03-29T17:09:49.080000+00:00,66518.33,0.00024,sell,binance,BTCUSDT,0
31190291,2026-03-29T17:09:50.700000+00:00,66541.62,8e-05,buy,binance,BTCUSDT,0
31190292,2026-03-29T17:09:50.727000+00:00,66541.62,8e-05,buy,binance,BTCUSDT,0
31190293,2026-03-29T17:09:50.732000+00:00,66541.62,8e-05,buy,binance,BTCUSDT,0
31190294,2026-03-29T17:09:51.715000+00:00,66523.37,0.00024,sell,binance,BTCUSDT,0
31190295,2026-03-29T17:09:53.348000+00:00,66539.79,8e-05,buy,binance,BTCUSDT,0
31190296,2026-03-29T17:09:53.402000+00:00,66539.79,8e-05,buy,binance,BTCUSDT,0
31190297,2026-03-29T17:09:53.429000+00:00,66539.79,8e-05,buy,binance,BTCUSDT,0
31190298,2026-03-29T17:09:54.387000+00:00,66523.37,0.00024,sell,binance,BTCUSDT,0
31190299,2026-03-29T17:09:55.945000+00:00,66539.79,8e-05,buy,binance,BTCUSDT,0
31190300,2026-03-29T17:09:56.076000+00:00,66539.79,8e-05,buy,binance,BTCUSDT,0
31190301,2026-03-29T17:09:57.126000+00:00,66523.37,0.00016,sell,binance,BTCUSDT,0
31190302,2026-03-29T17:09:58.491000+00:00,66541.97,8e-05,buy,binance,BTCUSDT,0
31190303,2026-03-29T17:09:58.698000+00:00,66541.97,8e-05,buy,binance,BTCUSDT,0
31190304,2026-03-29T17:09:59.718000+00:00,66525.6,0.00016,sell,binance,BTCUSDT,0
31190305,2026-03-29T17:10:09.665000+00:00,66527.76,8e-05,buy,binance,BTCUSDT,0
31190306,2026-03-29T17:10:10.757000+00:00,66527.76,8e-05,buy,binance,BTCUSDT,0
31190307,2026-03-29T17:10:35.453000+00:00,66515.59,0.00037,buy,binance,BTCUSDT,0
31190308,2026-03-29T17:11:20.533000+00:00,66514.9,0.00015,buy,binance,BTCUSDT,0
31190309,2026-03-29T17:15:18.165000+00:00,66408.0,0.00189,sell,binance,BTCUSDT,0
31190310,2026-03-29T17:20:35.553000+00:00,66341.52,0.00013,sell,binance,BTCUSDT,0
31190311,2026-03-29T17:21:34.683000+00:00,66329.27,4e-05,sell,binance,BTCUSDT,0
31190312,2026-03-29T17:21:56.680000+00:00,66312.48,0.00207,sell,binance,BTCUSDT,0
31190313,2026-03-29T17:22:08.383000+00:00,66196.49,0.00018,sell,binance,BTCUSDT,0
31190314,2026-03-29T17:22:08.383000+00:00,66196.15,0.0001,sell,binance,BTCUSDT,0
31190315,2026-03-29T17:22:25.719000+00:00,66228.47,0.00033,sell,binance,BTCUSDT,0
31190316,2026-03-29T17:22:36.562000+00:00,66266.19,0.00039,buy,binance,BTCUSDT,0
31190317,2026-03-29T17:22:45.291000+00:00,66238.75,0.00052,buy,binance,BTCUSDT,0
31190318,2026-03-29T17:41:39.036000+00:00,66311.67,0.00266,sell,binance,BTCUSDT,0
31190319,2026-03-29T17:42:35.350000+00:00,66369.92,0.00015,buy,binance,BTCUSDT,0
31190320,2026-03-29T17:42:38.087000+00:00,66362.0,0.0005,sell,binance,BTCUSDT,0
31190321,2026-03-29T17:43:35.852000+00:00,66387.83,0.00301,buy,binance,BTCUSDT,0
31190322,2026-03-29T17:44:24.437000+00:00,66435.38,0.00113,buy,binance,BTCUSDT,0
31190323,2026-03-29T17:45:53.914000+00:00,66369.47,0.00012,buy,binance,BTCUSDT,0
31190324,2026-03-29T17:50:24.925000+00:00,66401.9,8e-05,buy,binance,BTCUSDT,0
31190325,2026-03-29T17:53:54.623000+00:00,66378.75,0.00075,sell,binance,BTCUSDT,0
31190326,2026-03-29T17:56:03.284000+00:00,66395.48,0.00038,buy,binance,BTCUSDT,0
31190327,2026-03-29T17:59:16.537000+00:00,66401.95,0.03767,buy,binance,BTCUSDT,0
31190328,2026-03-29T17:59:16.537000+00:00,66404.26,0.00564,buy,binance,BTCUSDT,0
31190329,2026-03-29T17:59:34.500000+00:00,66396.23,0.00037,buy,binance,BTCUSDT,0
31190330,2026-03-29T17:59:57.523000+00:00,66395.64,0.03768,buy,binance,BTCUSDT,0
31190331,2026-03-29T17:59:57.523000+00:00,66396.23,0.00564,buy,binance,BTCUSDT,0
31190332,2026-03-29T18:00:28.764000+00:00,66407.66,0.003,buy,binance,BTCUSDT,0
31190333,2026-03-29T18:00:28.764000+00:00,66407.67,0.02907,buy,binance,BTCUSDT,0
31190334,2026-03-29T18:00:30.853000+00:00,66401.76,0.00015,buy,binance,BTCUSDT,0
31190335,2026-03-29T18:00:50.814000+00:00,66406.68,0.01187,buy,binance,BTCUSDT,0
31190336,2026-03-29T18:01:35.447000+00:00,66390.69,0.00015,buy,binance,BTCUSDT,0
31190337,2026-03-29T18:01:35.463000+00:00,66389.98,0.00015,buy,binance,BTCUSDT,0
31190338,2026-03-29T18:02:10.449000+00:00,66376.58,0.0012,buy,binance,BTCUSDT,0
31190339,2026-03-29T18:04:35.360000+00:00,66370.12,8e-05,buy,binance,BTCUSDT,0
31190340,2026-03-29T18:06:28.349000+00:00,66361.42,0.0006,buy,binance,BTCUSDT,0
31190341,2026-03-29T18:08:35.348000+00:00,66363.92,6e-05,buy,binance,BTCUSDT,0
31190342,2026-03-29T18:09:50.458000+00:00,66359.16,8e-05,buy,binance,BTCUSDT,0
31190343,2026-03-29T18:10:20.564000+00:00,66360.81,0.00451,buy,binance,BTCUSDT,0
31190344,2026-03-29T18:10:35.439000+00:00,66360.81,0.00113,buy,binance,BTCUSDT,0
31190345,2026-03-29T18:11:05.332000+00:00,66387.61,8e-05,buy,binance,BTCUSDT,0
31190346,2026-03-29T18:12:50.417000+00:00,66414.15,0.00015,buy,binance,BTCUSDT,0
31190347,2026-03-29T18:12:59.752000+00:00,66397.97,0.00045,sell,binance,BTCUSDT,0
31190348,2026-03-29T18:13:05.346000+00:00,66410.71,0.00038,buy,binance,BTCUSDT,0
31190349,2026-03-29T18:13:20.567000+00:00,66408.67,0.00075,buy,binance,BTCUSDT,0
31190350,2026-03-29T18:13:50.426000+00:00,66408.67,3e-05,buy,binance,BTCUSDT,0
31190351,2026-03-29T18:18:28.480000+00:00,66462.66,0.00051,sell,binance,BTCUSDT,0
31190352,2026-03-29T18:24:33.688000+00:00,66376.98,0.00075,buy,binance,BTCUSDT,0
31190353,2026-03-29T18:34:16.887000+00:00,66408.71,0.0003,sell,binance,BTCUSDT,0
31190354,2026-03-29T18:42:35.437000+00:00,66495.43,7e-05,buy,binance,BTCUSDT,0
31190355,2026-03-29T18:49:30.851000+00:00,66459.57,7e-05,buy,binance,BTCUSDT,0
31190356,2026-03-29T18:49:53.535000+00:00,66459.57,0.00027,buy,binance,BTCUSDT,0
31190357,2026-03-29T18:50:07.544000+00:00,66427.74,0.00237,sell,binance,BTCUSDT,0
31190358,2026-03-29T18:50:07.952000+00:00,66427.74,0.00225,sell,binance,BTCUSDT,0
31190359,2026-03-29T18:50:08.471000+00:00,66427.74,0.00234,sell,binance,BTCUSDT,0
31190360,2026-03-29T18:50:09.344000+00:00,66429.66,0.00231,sell,binance,BTCUSDT,0
31190361,2026-03-29T18:50:10.082000+00:00,66429.66,0.00058,sell,binance,BTCUSDT,0
31190362,2026-03-29T18:50:10.451000+00:00,66429.66,0.00223,sell,binance,BTCUSDT,0
31190363,2026-03-29T18:50:11.531000+00:00,66429.66,0.0024,sell,binance,BTCUSDT,0
31190364,2026-03-29T18:58:36.579000+00:00,66440.16,0.00379,buy,binance,BTCUSDT,0
31190365,2026-03-29T18:59:44.043000+00:00,66414.89,0.00016,sell,binance,BTCUSDT,0
31190366,2026-03-29T18:59:46.001000+00:00,66437.03,8e-05,buy,binance,BTCUSDT,0
31190367,2026-03-29T18:59:46.001000+00:00,66437.03,8e-05,buy,binance,BTCUSDT,0
31190368,2026-03-29T19:00:17.870000+00:00,66417.32,0.00015,sell,binance,BTCUSDT,0
31190369,2026-03-29T19:00:20.516000+00:00,66442.96,8e-05,buy,binance,BTCUSDT,0
31190370,2026-03-29T19:00:20.607000+00:00,66442.96,8e-05,buy,binance,BTCUSDT,0
31190371,2026-03-29T19:00:52.611000+00:00,66402.7,0.00016,sell,binance,BTCUSDT,0
31190372,2026-03-29T19:00:55.503000+00:00,66430.1,8e-05,buy,binance,BTCUSDT,0
31190373,2026-03-29T19:00:55.529000+00:00,66430.1,8e-05,buy,binance,BTCUSDT,0
31190374,2026-03-29T19:01:27.460000+00:00,66393.83,0.00016,sell,binance,BTCUSDT,0
31190375,2026-03-29T19:01:28.427000+00:00,66418.32,8e-05,buy,binance,BTCUSDT,0
31190376,2026-03-29T19:01:30.169000+00:00,66418.32,8e-05,buy,binance,BTCUSDT,0
31190377,2026-03-29T19:02:00.767000+00:00,66395.24,0.00016,sell,binance,BTCUSDT,0
31190378,2026-03-29T19:02:02.364000+00:00,66416.98,8e-05,buy,binance,BTCUSDT,0
31190379,2026-03-29T19:02:02.398000+00:00,66416.98,8e-05,buy,binance,BTCUSDT,0
31190380,2026-03-29T19:02:34.018000+00:00,66400.34,0.00016,sell,binance,BTCUSDT,0
31190381,2026-03-29T19:02:34.760000+00:00,66421.25,8e-05,buy,binance,BTCUSDT,0
31190382,2026-03-29T19:02:36.585000+00:00,66400.36,8e-05,sell,binance,BTCUSDT,0
31190383,2026-03-29T19:02:37.388000+00:00,66421.24,8e-05,buy,binance,BTCUSDT,0
31190384,2026-03-29T19:02:39.193000+00:00,66400.36,8e-05,sell,binance,BTCUSDT,0
31190385,2026-03-29T19:02:40.034000+00:00,66421.24,8e-05,buy,binance,BTCUSDT,0
31190386,2026-03-29T19:02:41.795000+00:00,66400.38,8e-05,sell,binance,BTCUSDT,0
31190387,2026-03-29T19:02:42.633000+00:00,66425.17,8e-05,buy,binance,BTCUSDT,0
31190388,2026-03-29T19:02:44.472000+00:00,66400.32,8e-05,sell,binance,BTCUSDT,0
31190389,2026-03-29T19:02:45.252000+00:00,66425.17,8e-05,buy,binance,BTCUSDT,0
31190390,2026-03-29T19:02:47.068000+00:00,66400.34,8e-05,sell,binance,BTCUSDT,0
31190391,2026-03-29T19:02:47.855000+00:00,66425.17,8e-05,buy,binance,BTCUSDT,0
31190392,2026-03-29T19:02:49.684000+00:00,66400.34,8e-05,sell,binance,BTCUSDT,0
31190393,2026-03-29T19:02:50.498000+00:00,66425.17,8e-05,buy,binance,BTCUSDT,0
31190394,2026-03-29T19:02:52.289000+00:00,66400.36,8e-05,sell,binance,BTCUSDT,0
31190395,2026-03-29T19:02:53.087000+00:00,66425.17,8e-05,buy,binance,BTCUSDT,0
31190396,2026-03-29T19:02:54.776000+00:00,66400.36,8e-05,sell,binance,BTCUSDT,0
31190397,2026-03-29T19:02:55.865000+00:00,66425.17,1e-05,buy,binance,BTCUSDT,0
31190398,2026-03-29T19:02:55.865000+00:00,66427.0,7e-05,buy,binance,BTCUSDT,0
31190399,2026-03-29T19:02:57.684000+00:00,66400.37,8e-05,sell,binance,BTCUSDT,0
31190400,2026-03-29T19:02:58.519000+00:00,66426.16,8e-05,buy,binance,BTCUSDT,0
31190401,2026-03-29T19:02:58.608000+00:00,66426.16,8e-05,buy,binance,BTCUSDT,0
31190402,2026-03-29T19:07:26.754000+00:00,66460.07,0.00045,buy,binance,BTCUSDT,0
31190403,2026-03-29T19:07:35.314000+00:00,66461.94,0.0003,buy,binance,BTCUSDT,0
31190404,2026-03-29T19:08:20.541000+00:00,66449.01,0.0003,buy,binance,BTCUSDT,0
31190405,2026-03-29T19:08:42.456000+00:00,66437.06,0.00016,sell,binance,BTCUSDT,0
31190406,2026-03-29T19:08:43.295000+00:00,66461.82,8e-05,buy,binance,BTCUSDT,0
31190407,2026-03-29T19:08:43.728000+00:00,66461.82,8e-05,buy,binance,BTCUSDT,0
31190408,2026-03-29T19:08:53.562000+00:00,66437.09,0.00015,sell,binance,BTCUSDT,0
31190409,2026-03-29T19:08:55.199000+00:00,66454.29,8e-05,buy,binance,BTCUSDT,0
31190410,2026-03-29T19:08:55.949000+00:00,66450.93,0.00015,buy,binance,BTCUSDT,0
31190411,2026-03-29T19:09:15.449000+00:00,66429.2,8e-05,sell,binance,BTCUSDT,0
31190412,2026-03-29T19:09:17.435000+00:00,66450.92,8e-05,buy,binance,BTCUSDT,0
31190413,2026-03-29T19:09:18.185000+00:00,66450.92,8e-05,buy,binance,BTCUSDT,0
31190414,2026-03-29T19:09:24.420000+00:00,66437.22,0.00055,sell,binance,BTCUSDT,0
31190415,2026-03-29T19:09:49.142000+00:00,66414.22,0.00016,sell,binance,BTCUSDT,0
31190416,2026-03-29T19:09:49.510000+00:00,66437.81,8e-05,buy,binance,BTCUSDT,0
31190417,2026-03-29T19:09:49.514000+00:00,66437.81,8e-05,buy,binance,BTCUSDT,0
31190418,2026-03-29T19:09:56.506000+00:00,66402.81,0.00016,sell,binance,BTCUSDT,0
31190419,2026-03-29T19:09:56.877000+00:00,66426.76,8e-05,buy,binance,BTCUSDT,0
31190420,2026-03-29T19:09:56.987000+00:00,66426.76,8e-05,buy,binance,BTCUSDT,0
31190421,2026-03-29T19:10:28.968000+00:00,66408.75,0.00016,sell,binance,BTCUSDT,0
31190422,2026-03-29T19:10:31.142000+00:00,66434.18,8e-05,buy,binance,BTCUSDT,0
31190423,2026-03-29T19:10:31.469000+00:00,66409.71,8e-05,sell,binance,BTCUSDT,0
31190424,2026-03-29T19:10:33.766000+00:00,66434.18,8e-05,buy,binance,BTCUSDT,0
31190425,2026-03-29T19:10:34.213000+00:00,66410.2,8e-05,sell,binance,BTCUSDT,0
31190426,2026-03-29T19:10:35.349000+00:00,66434.18,0.00045,buy,binance,BTCUSDT,0
31190427,2026-03-29T19:10:35.354000+00:00,66434.18,0.0003,buy,binance,BTCUSDT,0
31190428,2026-03-29T19:11:05.350000+00:00,66433.68,9e-05,buy,binance,BTCUSDT,0
31190429,2026-03-29T19:11:08.004000+00:00,66433.68,8e-05,buy,binance,BTCUSDT,0
31190430,2026-03-29T19:11:08.005000+00:00,66433.68,8e-05,buy,binance,BTCUSDT,0
31190431,2026-03-29T19:11:39.516000+00:00,66421.08,0.00015,sell,binance,BTCUSDT,0
31190432,2026-03-29T19:11:39.516000+00:00,66414.13,1e-05,sell,binance,BTCUSDT,0
31190433,2026-03-29T19:11:42.211000+00:00,66433.68,8e-05,buy,binance,BTCUSDT,0
31190434,2026-03-29T19:11:42.212000+00:00,66433.68,8e-05,buy,binance,BTCUSDT,0
31190435,2026-03-29T19:12:13.826000+00:00,66411.97,0.00016,sell,binance,BTCUSDT,0
31190436,2026-03-29T19:12:15.030000+00:00,66437.32,8e-05,buy,binance,BTCUSDT,0
31190437,2026-03-29T19:12:16.314000+00:00,66411.97,8e-05,sell,binance,BTCUSDT,0
31190438,2026-03-29T19:12:17.562000+00:00,66437.34,8e-05,buy,binance,BTCUSDT,0
31190439,2026-03-29T19:12:19.034000+00:00,66411.98,8e-05,sell,binance,BTCUSDT,0
31190440,2026-03-29T19:12:20.113000+00:00,66437.34,8e-05,buy,binance,BTCUSDT,0
31190441,2026-03-29T19:12:21.550000+00:00,66412.02,8e-05,sell,binance,BTCUSDT,0
31190442,2026-03-29T19:12:22.862000+00:00,66437.33,8e-05,buy,binance,BTCUSDT,0
31190443,2026-03-29T19:12:24.192000+00:00,66413.15,8e-05,sell,binance,BTCUSDT,0
31190444,2026-03-29T19:12:25.414000+00:00,66437.33,8e-05,buy,binance,BTCUSDT,0
31190445,2026-03-29T19:12:26.939000+00:00,66413.81,8e-05,sell,binance,BTCUSDT,0
31190446,2026-03-29T19:12:28.042000+00:00,66437.33,8e-05,buy,binance,BTCUSDT,0
31190447,2026-03-29T19:12:53.012000+00:00,66438.29,8e-05,buy,binance,BTCUSDT,0
31190448,2026-03-29T19:12:55.279000+00:00,66423.41,4e-05,sell,binance,BTCUSDT,0
31190449,2026-03-29T19:12:55.279000+00:00,66418.45,0.00011,sell,binance,BTCUSDT,0
31190450,2026-03-29T19:12:55.741000+00:00,66436.46,8e-05,buy,binance,BTCUSDT,0
31190451,2026-03-29T19:12:55.742000+00:00,66436.46,8e-05,buy,binance,BTCUSDT,0
31190452,2026-03-29T19:12:58.004000+00:00,66410.13,0.00016,sell,binance,BTCUSDT,0
31190453,2026-03-29T19:12:58.452000+00:00,66436.46,8e-05,buy,binance,BTCUSDT,0
31190454,2026-03-29T19:12:58.479000+00:00,66436.46,8e-05,buy,binance,BTCUSDT,0
31190455,2026-03-29T19:13:00.643000+00:00,66410.18,0.00016,sell,binance,BTCUSDT,0
31190456,2026-03-29T19:13:01.158000+00:00,66436.47,8e-05,buy,binance,BTCUSDT,0
31190457,2026-03-29T19:13:01.246000+00:00,66436.47,8e-05,buy,binance,BTCUSDT,0
31190458,2026-03-29T19:13:12.179000+00:00,66424.27,0.00037,buy,binance,BTCUSDT,0
31190459,2026-03-29T19:13:31.931000+00:00,66420.0,0.00101,buy,binance,BTCUSDT,0
31190460,2026-03-29T19:13:33.345000+00:00,66407.1,0.00016,sell,binance,BTCUSDT,0
31190461,2026-03-29T19:13:35.702000+00:00,66432.72,8e-05,buy,binance,BTCUSDT,0
31190462,2026-03-29T19:13:36.187000+00:00,66432.72,8e-05,buy,binance,BTCUSDT,0
31190463,2026-03-29T19:13:46.328000+00:00,66407.18,0.00016,sell,binance,BTCUSDT,0
31190464,2026-03-29T19:13:48.315000+00:00,66432.51,8e-05,buy,binance,BTCUSDT,0
31190465,2026-03-29T19:13:48.726000+00:00,66432.51,8e-05,buy,binance,BTCUSDT,0
31190466,2026-03-29T19:13:49.066000+00:00,66407.2,0.00016,sell,binance,BTCUSDT,0
31190467,2026-03-29T19:13:50.947000+00:00,66435.69,8e-05,buy,binance,BTCUSDT,0
31190468,2026-03-29T19:13:51.347000+00:00,66435.69,8e-05,buy,binance,BTCUSDT,0
31190469,2026-03-29T19:13:51.939000+00:00,66413.65,0.00016,sell,binance,BTCUSDT,0
31190470,2026-03-29T19:13:53.630000+00:00,66435.69,8e-05,buy,binance,BTCUSDT,0
31190471,2026-03-29T19:13:54.031000+00:00,66435.69,8e-05,buy,binance,BTCUSDT,0
31190472,2026-03-29T19:13:54.584000+00:00,66413.66,0.00016,sell,binance,BTCUSDT,0
31190473,2026-03-29T19:13:56.312000+00:00,66435.69,8e-05,buy,binance,BTCUSDT,0
31190474,2026-03-29T19:13:57.190000+00:00,66413.67,8e-05,sell,binance,BTCUSDT,0
31190475,2026-03-29T19:13:57.616000+00:00,66413.67,0.00126,sell,binance,BTCUSDT,0
31190476,2026-03-29T19:13:58.906000+00:00,66435.69,8e-05,buy,binance,BTCUSDT,0
31190477,2026-03-29T19:13:59.801000+00:00,66424.49,8e-05,sell,binance,BTCUSDT,0
31190478,2026-03-29T19:14:09.754000+00:00,66435.68,8e-05,buy,binance,BTCUSDT,0
31190479,2026-03-29T19:14:21.048000+00:00,66424.49,8e-05,sell,binance,BTCUSDT,0
31190480,2026-03-29T19:14:22.370000+00:00,66435.67,8e-05,buy,binance,BTCUSDT,0
31190481,2026-03-29T19:14:23.833000+00:00,66424.49,8e-05,sell,binance,BTCUSDT,0
31190482,2026-03-29T19:14:25.037000+00:00,66435.67,8e-05,buy,binance,BTCUSDT,0
31190483,2026-03-29T19:14:26.334000+00:00,66419.75,8e-05,sell,binance,BTCUSDT,0
31190484,2026-03-29T19:14:27.725000+00:00,66450.5,8e-05,buy,binance,BTCUSDT,0
31190485,2026-03-29T19:15:22.458000+00:00,66420.09,0.00028,sell,binance,BTCUSDT,0
31190486,2026-03-29T19:19:13.542000+00:00,66463.62,7e-05,buy,binance,BTCUSDT,0
31190487,2026-03-29T19:20:09.045000+00:00,66452.48,6e-05,buy,binance,BTCUSDT,0
31190488,2026-03-29T19:24:09.550000+00:00,66473.86,0.04583,sell,binance,BTCUSDT,0
31190489,2026-03-29T19:24:09.576000+00:00,66467.78,0.00539,sell,binance,BTCUSDT,0
31190490,2026-03-29T19:24:09.616000+00:00,66456.03,0.00539,sell,binance,BTCUSDT,0
31190491,2026-03-29T19:24:09.667000+00:00,66435.72,0.03766,buy,binance,BTCUSDT,0
31190492,2026-03-29T19:41:41.850000+00:00,66363.61,0.00976,sell,binance,BTCUSDT,0
31190493,2026-03-29T19:46:43.151000+00:00,66417.35,0.00149,sell,binance,BTCUSDT,0
31190494,2026-03-29T19:46:43.969000+00:00,66401.82,0.00012,buy,binance,BTCUSDT,0
31190495,2026-03-29T19:51:00.861000+00:00,66359.0,8e-05,sell,binance,BTCUSDT,0
31190496,2026-03-29T19:51:02.809000+00:00,66380.0,8e-05,buy,binance,BTCUSDT,0
31190497,2026-03-29T19:51:17.424000+00:00,66380.07,0.00024,buy,binance,BTCUSDT,0
31190498,2026-03-29T19:51:30.566000+00:00,66356.71,0.005,sell,binance,BTCUSDT,0
31190499,2026-03-29T19:56:35.349000+00:00,66359.15,3e-05,buy,binance,BTCUSDT,0
31190500,2026-03-29T19:56:37.097000+00:00,66336.64,0.0001,sell,binance,BTCUSDT,0
31190501,2026-03-29T19:56:39.933000+00:00,66349.74,8e-05,buy,binance,BTCUSDT,0
31190502,2026-03-29T19:56:39.934000+00:00,66349.74,8e-05,buy,binance,BTCUSDT,0
31190503,2026-03-29T19:57:07.656000+00:00,66333.55,0.00017,sell,binance,BTCUSDT,0
31190504,2026-03-29T19:57:08.214000+00:00,66348.64,8e-05,buy,binance,BTCUSDT,0
31190505,2026-03-29T19:57:08.267000+00:00,66348.63,8e-05,buy,binance,BTCUSDT,0
31190506,2026-03-29T19:57:13.478000+00:00,66328.66,0.00015,sell,binance,BTCUSDT,0
31190507,2026-03-29T19:57:13.912000+00:00,66346.97,8e-05,buy,binance,BTCUSDT,0
31190508,2026-03-29T19:57:42.817000+00:00,66339.58,8e-05,sell,binance,BTCUSDT,0
31190509,2026-03-29T19:57:42.927000+00:00,66355.69,8e-05,buy,binance,BTCUSDT,0
31190510,2026-03-29T19:57:43.186000+00:00,66339.58,8e-05,sell,binance,BTCUSDT,0
31190511,2026-03-29T19:57:45.382000+00:00,66355.69,8e-05,buy,binance,BTCUSDT,0
31190512,2026-03-29T19:57:45.801000+00:00,66339.58,8e-05,sell,binance,BTCUSDT,0
31190513,2026-03-29T19:57:47.855000+00:00,66355.69,8e-05,buy,binance,BTCUSDT,0
31190514,2026-03-29T19:57:48.509000+00:00,66339.58,8e-05,sell,binance,BTCUSDT,0
31190515,2026-03-29T19:57:50.354000+00:00,66355.69,8e-05,buy,binance,BTCUSDT,0
31190516,2026-03-29T19:57:51.022000+00:00,66339.58,8e-05,sell,binance,BTCUSDT,0
31190517,2026-03-29T19:57:52.917000+00:00,66355.69,8e-05,buy,binance,BTCUSDT,0
31190518,2026-03-29T19:57:53.330000+00:00,66339.58,8e-05,sell,binance,BTCUSDT,0
31190519,2026-03-29T19:57:53.619000+00:00,66355.69,8e-05,buy,binance,BTCUSDT,0
31190520,2026-03-29T19:57:55.443000+00:00,66334.08,8e-05,sell,binance,BTCUSDT,0
31190521,2026-03-29T19:57:55.890000+00:00,66355.11,8e-05,buy,binance,BTCUSDT,0
31190522,2026-03-29T19:57:57.077000+00:00,66334.08,0.00143,sell,binance,BTCUSDT,0
31190523,2026-03-29T19:57:57.077000+00:00,66323.6,0.00155,sell,binance,BTCUSDT,0
31190524,2026-03-29T19:58:29.950000+00:00,66323.6,8e-05,sell,binance,BTCUSDT,0
31190525,2026-03-29T20:01:30.341000+00:00,66387.16,0.00137,buy,binance,BTCUSDT,0
31190526,2026-03-29T20:01:30.341000+00:00,66387.17,0.00164,buy,binance,BTCUSDT,0
31190527,2026-03-29T20:06:07.572000+00:00,66432.93,0.00173,buy,binance,BTCUSDT,0
31190528,2026-03-29T20:06:18.635000+00:00,66437.18,0.00038,buy,binance,BTCUSDT,0
31190529,2026-03-29T20:06:50.462000+00:00,66455.68,0.00015,buy,binance,BTCUSDT,0
31190530,2026-03-29T20:07:20.290000+00:00,66487.49,0.01,sell,binance,BTCUSDT,0
31190531,2026-03-29T20:07:35.360000+00:00,66507.21,0.00023,buy,binance,BTCUSDT,0
31190532,2026-03-29T20:08:10.439000+00:00,66476.73,0.03763,sell,binance,BTCUSDT,0
31190533,2026-03-29T20:08:10.439000+00:00,66475.9,0.04569,sell,binance,BTCUSDT,0
31190534,2026-03-29T20:08:10.439000+00:00,66454.43,0.01061,sell,binance,BTCUSDT,0
31190535,2026-03-29T20:08:10.439000+00:00,66454.42,0.49237,sell,binance,BTCUSDT,0
31190536,2026-03-29T20:08:10.439000+00:00,66441.9,0.00018,sell,binance,BTCUSDT,0
31190537,2026-03-29T20:08:10.457000+00:00,66422.0,0.01504,buy,binance,BTCUSDT,0
31190538,2026-03-29T20:08:10.472000+00:00,66422.0,0.74513,buy,binance,BTCUSDT,0
31190539,2026-03-29T20:08:12.567000+00:00,66499.36,8e-05,buy,binance,BTCUSDT,0
31190540,2026-03-29T20:08:15.261000+00:00,66471.38,8e-05,sell,binance,BTCUSDT,0
31190541,2026-03-29T20:08:17.968000+00:00,66499.36,8e-05,buy,binance,BTCUSDT,0
31190542,2026-03-29T20:08:45.272000+00:00,66470.69,8e-05,sell,binance,BTCUSDT,0
31190543,2026-03-29T20:08:47.951000+00:00,66490.91,8e-05,buy,binance,BTCUSDT,0
31190544,2026-03-29T20:08:50.802000+00:00,66470.69,8e-05,sell,binance,BTCUSDT,0
31190545,2026-03-29T20:08:53.513000+00:00,66490.91,8e-05,buy,binance,BTCUSDT,0
31190546,2026-03-29T20:09:08.910000+00:00,66486.57,0.00012,buy,binance,BTCUSDT,0
31190547,2026-03-29T20:09:20.302000+00:00,66466.63,8e-05,sell,binance,BTCUSDT,0
31190548,2026-03-29T20:09:21.653000+00:00,66486.06,0.00045,buy,binance,BTCUSDT,0
31190549,2026-03-29T20:09:22.853000+00:00,66486.06,8e-05,buy,binance,BTCUSDT,0
31190550,2026-03-29T20:09:25.446000+00:00,66466.63,8e-05,sell,binance,BTCUSDT,0
31190551,2026-03-29T20:09:28.153000+00:00,66476.82,8e-05,buy,binance,BTCUSDT,0
31190552,2026-03-29T20:09:59.927000+00:00,66459.86,8e-05,sell,binance,BTCUSDT,0
31190553,2026-03-29T20:10:01.025000+00:00,66482.15,8e-05,buy,binance,BTCUSDT,0
31190554,2026-03-29T20:10:02.445000+00:00,66459.11,8e-05,sell,binance,BTCUSDT,0
31190555,2026-03-29T20:10:03.712000+00:00,66475.65,8e-05,buy,binance,BTCUSDT,0
31190556,2026-03-29T20:10:33.250000+00:00,66459.11,8e-05,sell,binance,BTCUSDT,0
31190557,2026-03-29T20:10:34.525000+00:00,66475.66,8e-05,buy,binance,BTCUSDT,0
31190558,2026-03-29T20:10:35.876000+00:00,66459.11,8e-05,sell,binance,BTCUSDT,0
31190559,2026-03-29T20:10:36.563000+00:00,66475.66,0.0015,buy,binance,BTCUSDT,0
31190560,2026-03-29T20:10:50.444000+00:00,66481.1,0.00011,buy,binance,BTCUSDT,0
31190561,2026-03-29T20:10:54.986000+00:00,66481.1,0.00015,buy,binance,BTCUSDT,0
31190562,2026-03-29T20:14:31.649000+00:00,66478.56,8e-05,buy,binance,BTCUSDT,0
31190563,2026-03-29T20:14:31.649000+00:00,66478.57,0.00036,buy,binance,BTCUSDT,0
31190564,2026-03-29T20:14:32.304000+00:00,66478.57,8e-05,buy,binance,BTCUSDT,0
31190565,2026-03-29T20:15:04.572000+00:00,66450.79,8e-05,sell,binance,BTCUSDT,0
31190566,2026-03-29T20:15:05.941000+00:00,66499.65,8e-05,buy,binance,BTCUSDT,0
31190567,2026-03-29T20:18:16.256000+00:00,66520.68,0.04,buy,binance,BTCUSDT,0
31190568,2026-03-29T20:19:26.293000+00:00,66586.37,0.00053,buy,binance,BTCUSDT,0
31190569,2026-03-29T20:19:50.417000+00:00,66577.79,0.00015,buy,binance,BTCUSDT,0
31190570,2026-03-29T20:20:35.860000+00:00,66593.67,0.00018,buy,binance,BTCUSDT,0
31190571,2026-03-29T20:20:49.819000+00:00,66610.0,0.01762,buy,binance,BTCUSDT,0
31190572,2026-03-29T20:20:49.839000+00:00,66620.0,0.03523,buy,binance,BTCUSDT,0
31190573,2026-03-29T20:20:50.001000+00:00,66624.0,0.01121,buy,binance,BTCUSDT,0
31190574,2026-03-29T20:20:50.002000+00:00,66624.0,0.06213,buy,binance,BTCUSDT,0
31190575,2026-03-29T20:22:21.519000+00:00,66656.81,0.00082,buy,binance,BTCUSDT,0
31190576,2026-03-29T20:23:32.470000+00:00,66724.76,4e-05,buy,binance,BTCUSDT,0
31190577,2026-03-29T20:23:33.919000+00:00,66728.6,0.00011,sell,binance,BTCUSDT,0
31190578,2026-03-29T20:23:44.151000+00:00,66738.6,0.00011,buy,binance,BTCUSDT,0
31190579,2026-03-29T20:23:45.289000+00:00,66738.6,0.00196,buy,binance,BTCUSDT,0
31190580,2026-03-29T20:23:45.289000+00:00,66739.57,0.00013,buy,binance,BTCUSDT,0
31190581,2026-03-29T20:23:45.836000+00:00,66750.0,0.0003,buy,binance,BTCUSDT,0
31190582,2026-03-29T20:24:00.859000+00:00,66720.34,7e-05,sell,binance,BTCUSDT,0
31190583,2026-03-29T20:25:23.319000+00:00,66697.26,0.00037,sell,binance,BTCUSDT,0
984591221,2026-03-29T20:25:26.407000+00:00,66715.0,0.00034,sell,okx,BTC-USDT,0
984591220,2026-03-29T20:25:25.135000+00:00,66717.0,0.0087,sell,okx,BTC-USDT,0
984591219,2026-03-29T20:25:25.135000+00:00,66717.0,0.0415,sell,okx,BTC-USDT,0
984591218,2026-03-29T20:25:25.135000+00:00,66717.0,0.00184562,sell,okx,BTC-USDT,0
984591217,2026-03-29T20:25:23.891000+00:00,66718.0,0.00419554,sell,okx,BTC-USDT,0
984591216,2026-03-29T20:25:23.891000+00:00,66718.0,0.0022,sell,okx,BTC-USDT,0
984591215,2026-03-29T20:25:23.891000+00:00,66718.0,0.00186983,sell,okx,BTC-USDT,0
984591214,2026-03-29T20:25:23.634000+00:00,66718.1,1e-05,buy,okx,BTC-USDT,0
984591213,2026-03-29T20:25:21.080000+00:00,66718.1,1.049e-05,buy,okx,BTC-USDT,0
984591212,2026-03-29T20:25:19.508000+00:00,66718.0,0.00033017,sell,okx,BTC-USDT,0
984591211,2026-03-29T20:25:18.495000+00:00,66718.1,0.00037509,buy,okx,BTC-USDT,0
984591210,2026-03-29T20:25:18.392000+00:00,66718.1,0.00037,buy,okx,BTC-USDT,0
984591209,2026-03-29T20:25:18.025000+00:00,66719.1,0.00037,buy,okx,BTC-USDT,0
984591208,2026-03-29T20:25:17.020000+00:00,66719.0,3e-05,sell,okx,BTC-USDT,0
984591207,2026-03-29T20:25:14.938000+00:00,66719.7,8.754e-05,buy,okx,BTC-USDT,0
984591206,2026-03-29T20:25:14.938000+00:00,66719.7,3.211e-05,buy,okx,BTC-USDT,0
984591205,2026-03-29T20:25:14.938000+00:00,66719.2,0.001516,buy,okx,BTC-USDT,0
984591204,2026-03-29T20:25:14.938000+00:00,66719.1,0.00045421,buy,okx,BTC-USDT,0
984591203,2026-03-29T20:25:14.923000+00:00,66717.4,0.0014,buy,okx,BTC-USDT,0
984591202,2026-03-29T20:25:13.929000+00:00,66717.0,0.00035438,sell,okx,BTC-USDT,0
984591201,2026-03-29T20:25:09.599000+00:00,66717.0,1.998e-05,sell,okx,BTC-USDT,0
984591200,2026-03-29T20:25:09.340000+00:00,66719.0,0.02997,sell,okx,BTC-USDT,0
984591199,2026-03-29T20:25:09.340000+00:00,66719.0,0.0022,sell,okx,BTC-USDT,0
984591198,2026-03-29T20:25:09.340000+00:00,66719.0,4.594e-05,sell,okx,BTC-USDT,0
984591197,2026-03-29T20:25:09.340000+00:00,66719.0,7.042e-05,sell,okx,BTC-USDT,0
984591196,2026-03-29T20:25:09.340000+00:00,66719.0,7.406e-05,sell,okx,BTC-USDT,0
984591195,2026-03-29T20:25:09.340000+00:00,66719.0,8.124e-05,sell,okx,BTC-USDT,0
984591194,2026-03-29T20:25:09.340000+00:00,66719.0,5.152e-05,sell,okx,BTC-USDT,0
984591193,2026-03-29T20:25:09.274000+00:00,66719.1,1e-05,buy,okx,BTC-USDT,0
984591192,2026-03-29T20:25:08.872000+00:00,66719.1,1e-05,buy,okx,BTC-USDT,0
984591191,2026-03-29T20:25:08.727000+00:00,66719.1,1.006e-05,buy,okx,BTC-USDT,0
984591190,2026-03-29T20:25:08.111000+00:00,66719.1,0.00037511,buy,okx,BTC-USDT,0
984591189,2026-03-29T20:25:06.194000+00:00,66720.0,0.0415,sell,okx,BTC-USDT,0
984591188,2026-03-29T20:25:06.194000+00:00,66720.0,0.00046162,sell,okx,BTC-USDT,0
984591187,2026-03-29T20:25:06.194000+00:00,66720.9,0.001,sell,okx,BTC-USDT,0
984591186,2026-03-29T20:25:06.194000+00:00,66720.9,4.51e-05,sell,okx,BTC-USDT,0
984591185,2026-03-29T20:25:06.194000+00:00,66720.9,0.0022,sell,okx,BTC-USDT,0
984591184,2026-03-29T20:25:06.194000+00:00,66720.9,4.786e-05,sell,okx,BTC-USDT,0
984591183,2026-03-29T20:25:06.194000+00:00,66720.9,4.585e-05,sell,okx,BTC-USDT,0
984591182,2026-03-29T20:25:06.194000+00:00,66720.9,6.009e-05,sell,okx,BTC-USDT,0
984591181,2026-03-29T20:25:06.194000+00:00,66720.9,7.621e-05,sell,okx,BTC-USDT,0
984591180,2026-03-29T20:25:06.194000+00:00,66720.9,6.059e-05,sell,okx,BTC-USDT,0
984591179,2026-03-29T20:25:05.719000+00:00,66721.0,0.0087333,buy,okx,BTC-USDT,0
984591178,2026-03-29T20:25:05.719000+00:00,66721.0,0.0415,buy,okx,BTC-USDT,0
984591177,2026-03-29T20:25:05.719000+00:00,66721.0,0.00222394,buy,okx,BTC-USDT,0
984591176,2026-03-29T20:25:04.904000+00:00,66721.0,1.049e-05,buy,okx,BTC-USDT,0
984591175,2026-03-29T20:25:04.696000+00:00,66721.0,0.00037011,buy,okx,BTC-USDT,0
984591174,2026-03-29T20:25:03.166000+00:00,66721.0,0.00036999,buy,okx,BTC-USDT,0
984591173,2026-03-29T20:25:01.385000+00:00,66721.0,1.049e-05,buy,okx,BTC-USDT,0
984591172,2026-03-29T20:24:57.982000+00:00,66721.0,1.498e-05,buy,okx,BTC-USDT,0
984591171,2026-03-29T20:24:57.488000+00:00,66721.0,0.02579292,buy,okx,BTC-USDT,0
984591170,2026-03-29T20:24:57.488000+00:00,66721.0,0.00085346,buy,okx,BTC-USDT,0
984591169,2026-03-29T20:24:57.488000+00:00,66721.0,0.00085346,buy,okx,BTC-USDT,0
984591168,2026-03-29T20:24:57.488000+00:00,66721.0,0.01,buy,okx,BTC-USDT,0
984591167,2026-03-29T20:24:57.488000+00:00,66721.0,0.04534024,buy,okx,BTC-USDT,0
984591166,2026-03-29T20:24:56.207000+00:00,66720.9,0.00025012,sell,okx,BTC-USDT,0
984591165,2026-03-29T20:24:54.322000+00:00,66721.0,0.00011,buy,okx,BTC-USDT,0
984591164,2026-03-29T20:24:51.757000+00:00,66720.9,0.00029539,sell,okx,BTC-USDT,0
984591163,2026-03-29T20:24:51.109000+00:00,66720.9,4.25e-05,sell,okx,BTC-USDT,0
984591162,2026-03-29T20:24:49.427000+00:00,66721.0,0.00029976,buy,okx,BTC-USDT,0
984591161,2026-03-29T20:24:49.174000+00:00,66720.9,0.01343108,sell,okx,BTC-USDT,0
984591160,2026-03-29T20:24:49.174000+00:00,66720.9,0.06754068,sell,okx,BTC-USDT,0
984591159,2026-03-29T20:24:49.174000+00:00,66720.9,0.08244102,sell,okx,BTC-USDT,0
984591158,2026-03-29T20:24:49.174000+00:00,66720.9,0.05842712,sell,okx,BTC-USDT,0
984591157,2026-03-29T20:24:48.418000+00:00,66720.9,0.0002,sell,okx,BTC-USDT,0
984591156,2026-03-29T20:24:48.195000+00:00,66720.9,0.00054988,sell,okx,BTC-USDT,0
984591155,2026-03-29T20:24:47.633000+00:00,66720.9,0.005423,sell,okx,BTC-USDT,0
984591154,2026-03-29T20:24:47.143000+00:00,66721.0,0.00809119,buy,okx,BTC-USDT,0
984591153,2026-03-29T20:24:47.130000+00:00,66721.7,0.02764624,sell,okx,BTC-USDT,0
984591152,2026-03-29T20:24:47.130000+00:00,66722.8,1.501e-05,sell,okx,BTC-USDT,0
984591151,2026-03-29T20:24:47.130000+00:00,66724.0,0.00037514,sell,okx,BTC-USDT,0
984591150,2026-03-29T20:24:47.130000+00:00,66725.0,0.00037509,sell,okx,BTC-USDT,0
984591149,2026-03-29T20:24:47.130000+00:00,66726.6,0.00082179,sell,okx,BTC-USDT,0
984591148,2026-03-29T20:24:47.130000+00:00,66728.0,5.381e-05,sell,okx,BTC-USDT,0
984591147,2026-03-29T20:24:47.130000+00:00,66728.0,5.183e-05,sell,okx,BTC-USDT,0
984591146,2026-03-29T20:24:47.130000+00:00,66728.0,4.645e-05,sell,okx,BTC-USDT,0
984591145,2026-03-29T20:24:47.130000+00:00,66728.0,0.0022,sell,okx,BTC-USDT,0
984591144,2026-03-29T20:24:47.130000+00:00,66728.0,6.703e-05,sell,okx,BTC-USDT,0
984591143,2026-03-29T20:24:47.130000+00:00,66728.0,8.465e-05,sell,okx,BTC-USDT,0
984591142,2026-03-29T20:24:47.130000+00:00,66728.0,6.727e-05,sell,okx,BTC-USDT,0
984591141,2026-03-29T20:24:47.130000+00:00,66728.0,4.734e-05,sell,okx,BTC-USDT,0
984591140,2026-03-29T20:24:47.130000+00:00,66728.0,4.502e-05,sell,okx,BTC-USDT,0
984591139,2026-03-29T20:24:47.130000+00:00,66728.0,0.02907,sell,okx,BTC-USDT,0
984591138,2026-03-29T20:24:47.130000+00:00,66728.0,0.0009,sell,okx,BTC-USDT,0
984591137,2026-03-29T20:24:42.951000+00:00,66729.0,0.0415,sell,okx,BTC-USDT,0
984591136,2026-03-29T20:24:42.951000+00:00,66729.1,0.0248,sell,okx,BTC-USDT,0
984591135,2026-03-29T20:24:42.951000+00:00,66729.1,1e-05,sell,okx,BTC-USDT,0
984591134,2026-03-29T20:24:42.951000+00:00,66729.1,1e-05,sell,okx,BTC-USDT,0
984591133,2026-03-29T20:24:42.951000+00:00,66729.1,0.0022,sell,okx,BTC-USDT,0
984591132,2026-03-29T20:24:42.951000+00:00,66729.1,0.01690318,sell,okx,BTC-USDT,0
984591131,2026-03-29T20:24:41.915000+00:00,66729.1,0.0003065,sell,okx,BTC-USDT,0
984591130,2026-03-29T20:24:41.592000+00:00,66729.2,1.198e-05,buy,okx,BTC-USDT,0
984591129,2026-03-29T20:24:40.613000+00:00,66729.1,0.01244063,sell,okx,BTC-USDT,0
984591128,2026-03-29T20:24:39.094000+00:00,66729.1,1.998e-05,sell,okx,BTC-USDT,0
984591127,2026-03-29T20:24:38.731000+00:00,66729.2,1e-05,buy,okx,BTC-USDT,0
984591126,2026-03-29T20:24:38.384000+00:00,66729.2,1e-05,buy,okx,BTC-USDT,0
984591125,2026-03-29T20:24:37.671000+00:00,66729.1,0.00029971,sell,okx,BTC-USDT,0
984591124,2026-03-29T20:24:37.324000+00:00,66729.2,1.498e-05,buy,okx,BTC-USDT,0
984591123,2026-03-29T20:24:35.450000+00:00,66729.2,0.00367605,buy,okx,BTC-USDT,0
984591122,2026-03-29T20:24:33.782000+00:00,66729.1,0.00310845,sell,okx,BTC-USDT,0
984591121,2026-03-29T20:24:33.782000+00:00,66729.1,5.87e-05,sell,okx,BTC-USDT,0
984591120,2026-03-29T20:24:32.357000+00:00,66735.2,0.02996,sell,okx,BTC-USDT,0
984591119,2026-03-29T20:24:32.357000+00:00,66735.4,0.0022,sell,okx,BTC-USDT,0
984591118,2026-03-29T20:24:32.357000+00:00,66735.4,0.00217,sell,okx,BTC-USDT,0
984591117,2026-03-29T20:24:30.750000+00:00,66735.5,0.03589078,buy,okx,BTC-USDT,0
984591116,2026-03-29T20:24:30.750000+00:00,66735.5,0.00085183,buy,okx,BTC-USDT,0
984591115,2026-03-29T20:24:29.749000+00:00,66735.4,3e-05,sell,okx,BTC-USDT,0
984591114,2026-03-29T20:24:25.025000+00:00,66735.4,1.136e-05,sell,okx,BTC-USDT,0
984591113,2026-03-29T20:24:24.935000+00:00,66735.5,0.00024817,buy,okx,BTC-USDT,0
984591112,2026-03-29T20:24:24.276000+00:00,66732.2,1.508e-05,buy,okx,BTC-USDT,0
984591111,2026-03-29T20:24:24.276000+00:00,66731.6,0.001523,buy,okx,BTC-USDT,0
984591110,2026-03-29T20:24:24.276000+00:00,66730.0,6.031e-05,buy,okx,BTC-USDT,0
984591109,2026-03-29T20:24:24.276000+00:00,66730.0,0.00010265,buy,okx,BTC-USDT,0
984591108,2026-03-29T20:24:24.273000+00:00,66727.1,0.00052679,buy,okx,BTC-USDT,0
984591107,2026-03-29T20:24:23.088000+00:00,66734.0,5.602e-05,sell,okx,BTC-USDT,0
984591106,2026-03-29T20:24:23.088000+00:00,66734.0,6.072e-05,sell,okx,BTC-USDT,0
984591105,2026-03-29T20:24:23.088000+00:00,66734.0,5.193e-05,sell,okx,BTC-USDT,0
984591104,2026-03-29T20:24:23.088000+00:00,66735.4,0.0022,sell,okx,BTC-USDT,0
984591103,2026-03-29T20:24:23.088000+00:00,66735.4,0.02979847,sell,okx,BTC-USDT,0
984591102,2026-03-29T20:24:22.541000+00:00,66735.5,0.05244584,buy,okx,BTC-USDT,0
984591101,2026-03-29T20:24:21.853000+00:00,66735.5,1.048e-05,buy,okx,BTC-USDT,0
984591100,2026-03-29T20:24:20.670000+00:00,66735.4,0.00016153,sell,okx,BTC-USDT,0
984591099,2026-03-29T20:24:20.410000+00:00,66735.5,0.00015476,buy,okx,BTC-USDT,0
984591098,2026-03-29T20:24:20.410000+00:00,66735.5,1e-08,buy,okx,BTC-USDT,0
984591097,2026-03-29T20:24:19.824000+00:00,66735.9,1.508e-05,sell,okx,BTC-USDT,0
984591096,2026-03-29T20:24:19.824000+00:00,66736.0,4.509e-05,sell,okx,BTC-USDT,0
984591095,2026-03-29T20:24:19.824000+00:00,66736.0,4.52e-05,sell,okx,BTC-USDT,0
984591094,2026-03-29T20:24:19.824000+00:00,66736.0,4.505e-05,sell,okx,BTC-USDT,0
984591093,2026-03-29T20:24:19.824000+00:00,66736.0,4.847e-05,sell,okx,BTC-USDT,0
984591092,2026-03-29T20:24:19.824000+00:00,66736.0,4.618e-05,sell,okx,BTC-USDT,0
984591091,2026-03-29T20:24:19.824000+00:00,66736.0,5.003e-05,sell,okx,BTC-USDT,0
984591090,2026-03-29T20:24:18.836000+00:00,66736.7,0.00073846,sell,okx,BTC-USDT,0
984591089,2026-03-29T20:24:18.783000+00:00,66737.0,0.0415,sell,okx,BTC-USDT,0
984591088,2026-03-29T20:24:18.783000+00:00,66737.0,0.00453318,sell,okx,BTC-USDT,0
984591087,2026-03-29T20:24:18.175000+00:00,66737.1,0.02545439,buy,okx,BTC-USDT,0
984591086,2026-03-29T20:24:18.175000+00:00,66737.1,0.00796032,buy,okx,BTC-USDT,0
984591085,2026-03-29T20:24:17.466000+00:00,66737.1,1.048e-05,buy,okx,BTC-USDT,0
984591084,2026-03-29T20:24:12.647000+00:00,66737.1,0.05693984,buy,okx,BTC-USDT,0
984591083,2026-03-29T20:24:09.937000+00:00,66737.0,4.72e-06,sell,okx,BTC-USDT,0
984591082,2026-03-29T20:24:09.711000+00:00,66737.0,0.00023009,sell,okx,BTC-USDT,0
984591081,2026-03-29T20:24:09.711000+00:00,66737.0,4.513e-05,sell,okx,BTC-USDT,0
984591080,2026-03-29T20:24:09.711000+00:00,66737.0,4.509e-05,sell,okx,BTC-USDT,0
984591079,2026-03-29T20:24:09.711000+00:00,66737.0,0.0022,sell,okx,BTC-USDT,0
984591078,2026-03-29T20:24:09.711000+00:00,66737.0,4.508e-05,sell,okx,BTC-USDT,0
984591077,2026-03-29T20:24:09.711000+00:00,66737.0,4.56e-05,sell,okx,BTC-USDT,0
984591076,2026-03-29T20:24:09.711000+00:00,66737.0,4.513e-05,sell,okx,BTC-USDT,0
984591075,2026-03-29T20:24:08.550000+00:00,66737.0,1.998e-05,sell,okx,BTC-USDT,0
984591074,2026-03-29T20:24:08.197000+00:00,66737.1,1e-05,buy,okx,BTC-USDT,0
984591073,2026-03-29T20:24:07.927000+00:00,66737.1,1e-05,buy,okx,BTC-USDT,0
984591072,2026-03-29T20:24:06.461000+00:00,66737.1,0.01969936,buy,okx,BTC-USDT,0
984591071,2026-03-29T20:24:06.461000+00:00,66737.1,0.010242,buy,okx,BTC-USDT,0
984591070,2026-03-29T20:24:06.018000+00:00,66737.1,1e-05,buy,okx,BTC-USDT,0
984591069,2026-03-29T20:24:03.101000+00:00,66737.9,0.0022,sell,okx,BTC-USDT,0
984591068,2026-03-29T20:24:00.788000+00:00,66737.5,0.0004364,sell,okx,BTC-USDT,0
984591067,2026-03-29T20:24:00.788000+00:00,66737.5,2.719e-05,sell,okx,BTC-USDT,0
984591066,2026-03-29T20:24:00.636000+00:00,66740.0,0.00046162,sell,okx,BTC-USDT,0
984591065,2026-03-29T20:24:00.636000+00:00,66740.0,0.00036999,sell,okx,BTC-USDT,0
984591064,2026-03-29T20:24:00.634000+00:00,66742.8,4.762e-05,sell,okx,BTC-USDT,0
984591063,2026-03-29T20:24:00.634000+00:00,66742.8,4.672e-05,sell,okx,BTC-USDT,0
984591062,2026-03-29T20:24:00.634000+00:00,66742.8,4.822e-05,sell,okx,BTC-USDT,0
984591061,2026-03-29T20:24:00.634000+00:00,66742.8,1e-05,sell,okx,BTC-USDT,0
984591060,2026-03-29T20:24:00.634000+00:00,66742.8,0.0022,sell,okx,BTC-USDT,0
984591059,2026-03-29T20:23:58.526000+00:00,66742.8,0.00199357,sell,okx,BTC-USDT,0
984591058,2026-03-29T20:23:57.114000+00:00,66742.8,1.499e-05,sell,okx,BTC-USDT,0
984591057,2026-03-29T20:23:57.114000+00:00,66742.8,0.03652832,sell,okx,BTC-USDT,0
984591056,2026-03-29T20:23:57.113000+00:00,66742.8,0.00500001,sell,okx,BTC-USDT,0
984591055,2026-03-29T20:23:57.108000+00:00,66742.0,1.499e-05,sell,okx,BTC-USDT,0
984591054,2026-03-29T20:23:57.106000+00:00,66742.0,0.04152833,sell,okx,BTC-USDT,0
984591053,2026-03-29T20:23:57.085000+00:00,66741.0,0.0415,sell,okx,BTC-USDT,0
984591052,2026-03-29T20:23:57.085000+00:00,66741.0,0.00037497,sell,okx,BTC-USDT,0
984591051,2026-03-29T20:23:57.085000+00:00,66741.0,0.00036999,sell,okx,BTC-USDT,0
984591050,2026-03-29T20:23:57.085000+00:00,66742.0,0.0009,sell,okx,BTC-USDT,0
984591049,2026-03-29T20:23:57.085000+00:00,66742.0,0.01355776,sell,okx,BTC-USDT,0
984591048,2026-03-29T20:23:57.080000+00:00,66742.0,0.02794224,sell,okx,BTC-USDT,0
984591047,2026-03-29T20:23:57.080000+00:00,66743.0,0.0415,sell,okx,BTC-USDT,0
984591046,2026-03-29T20:23:57.080000+00:00,66743.0,2.834e-05,sell,okx,BTC-USDT,0
984591045,2026-03-29T20:23:57.080000+00:00,66743.3,0.0011,sell,okx,BTC-USDT,0
984591044,2026-03-29T20:23:57.080000+00:00,66743.3,0.0009,sell,okx,BTC-USDT,0
984591043,2026-03-29T20:23:57.080000+00:00,66743.3,0.01734731,sell,okx,BTC-USDT,0
984591042,2026-03-29T20:23:57.073000+00:00,66743.3,0.07345269,sell,okx,BTC-USDT,0
984591041,2026-03-29T20:23:56.991000+00:00,66746.2,2.951e-05,sell,okx,BTC-USDT,0
984591040,2026-03-29T20:23:56.991000+00:00,66747.2,0.00036999,sell,okx,BTC-USDT,0
984591039,2026-03-29T20:23:56.991000+00:00,66748.6,0.00037509,sell,okx,BTC-USDT,0
984591038,2026-03-29T20:23:56.990000+00:00,66752.0,7.3e-06,sell,okx,BTC-USDT,0
984591037,2026-03-29T20:23:56.987000+00:00,66752.0,3.768e-05,sell,okx,BTC-USDT,0
984591036,2026-03-29T20:23:56.987000+00:00,66752.0,1e-05,sell,okx,BTC-USDT,0
984591035,2026-03-29T20:23:56.987000+00:00,66752.0,4.541e-05,sell,okx,BTC-USDT,0
984591034,2026-03-29T20:23:56.987000+00:00,66752.0,0.0022,sell,okx,BTC-USDT,0
984591033,2026-03-29T20:23:56.987000+00:00,66752.0,5.691e-05,sell,okx,BTC-USDT,0
984591032,2026-03-29T20:23:56.063000+00:00,66752.0,1e-05,sell,okx,BTC-USDT,0
984591031,2026-03-29T20:23:55.363000+00:00,66752.0,0.00015038,sell,okx,BTC-USDT,0
984591030,2026-03-29T20:23:54.605000+00:00,66758.0,1.508e-05,sell,okx,BTC-USDT,0
984591029,2026-03-29T20:23:54.605000+00:00,66758.7,3.051e-05,sell,okx,BTC-USDT,0
984591028,2026-03-29T20:23:54.603000+00:00,66759.4,0.03005561,sell,okx,BTC-USDT,0
984591027,2026-03-29T20:23:54.603000+00:00,66760.0,5.513e-05,sell,okx,BTC-USDT,0
984591026,2026-03-29T20:23:54.603000+00:00,66760.0,5.026e-05,sell,okx,BTC-USDT,0
984591025,2026-03-29T20:23:54.603000+00:00,66760.0,0.0022,sell,okx,BTC-USDT,0
984591024,2026-03-29T20:23:54.603000+00:00,66760.0,5.048e-05,sell,okx,BTC-USDT,0
984591023,2026-03-29T20:23:54.603000+00:00,66760.0,4.562e-05,sell,okx,BTC-USDT,0
984591022,2026-03-29T20:23:54.603000+00:00,66760.0,7.448e-05,sell,okx,BTC-USDT,0
984591021,2026-03-29T20:23:54.603000+00:00,66760.0,0.00046162,sell,okx,BTC-USDT,0
984591020,2026-03-29T20:23:53.908000+00:00,66761.6,1.508e-05,sell,okx,BTC-USDT,0
984591019,2026-03-29T20:23:53.907000+00:00,66764.5,0.00036999,sell,okx,BTC-USDT,0
984591018,2026-03-29T20:23:53.871000+00:00,66765.3,4.497e-05,sell,okx,BTC-USDT,0
984591017,2026-03-29T20:23:53.871000+00:00,66765.3,5.768e-05,sell,okx,BTC-USDT,0
984591016,2026-03-29T20:23:53.871000+00:00,66765.3,1.508e-05,sell,okx,BTC-USDT,0
984591015,2026-03-29T20:23:53.871000+00:00,66768.2,3.173e-05,sell,okx,BTC-USDT,0
984591014,2026-03-29T20:23:53.564000+00:00,66768.9,6.531e-05,sell,okx,BTC-USDT,0
984591013,2026-03-29T20:23:53.564000+00:00,66768.9,4.699e-05,sell,okx,BTC-USDT,0
984591012,2026-03-29T20:23:53.564000+00:00,66768.9,5.125e-05,sell,okx,BTC-USDT,0
984591011,2026-03-29T20:23:53.564000+00:00,66768.9,5.189e-05,sell,okx,BTC-USDT,0
984591010,2026-03-29T20:23:53.564000+00:00,66768.9,0.00126413,sell,okx,BTC-USDT,0
984591009,2026-03-29T20:23:53.564000+00:00,66768.9,0.0022,sell,okx,BTC-USDT,0
984591008,2026-03-29T20:23:53.564000+00:00,66768.9,6.164e-05,sell,okx,BTC-USDT,0
984591007,2026-03-29T20:23:53.564000+00:00,66768.9,8.399e-05,sell,okx,BTC-USDT,0
984591006,2026-03-29T20:23:53.564000+00:00,66768.9,5.581e-05,sell,okx,BTC-USDT,0
984591005,2026-03-29T20:23:53.564000+00:00,66768.9,0.00037011,sell,okx,BTC-USDT,0
984591004,2026-03-29T20:23:53.498000+00:00,66769.0,0.00455027,buy,okx,BTC-USDT,0
984591003,2026-03-29T20:23:53.498000+00:00,66769.0,0.01569102,buy,okx,BTC-USDT,0
984591002,2026-03-29T20:23:53.498000+00:00,66769.0,1e-08,buy,okx,BTC-USDT,0
984591001,2026-03-29T20:23:52.824000+00:00,66769.0,1.508e-05,sell,okx,BTC-USDT,0
984591000,2026-03-29T20:23:52.824000+00:00,66769.2,4.769e-05,sell,okx,BTC-USDT,0
984590999,2026-03-29T20:23:52.824000+00:00,66769.2,0.00037497,sell,okx,BTC-USDT,0
984590998,2026-03-29T20:23:52.771000+00:00,66771.0,0.0022,sell,okx,BTC-USDT,0
984590997,2026-03-29T20:23:51.783000+00:00,66776.3,3.293e-05,sell,okx,BTC-USDT,0
984590996,2026-03-29T20:23:51.513000+00:00,66782.0,2e-05,sell,okx,BTC-USDT,0
984590995,2026-03-29T20:23:51.513000+00:00,66782.0,0.0022,sell,okx,BTC-USDT,0
984590994,2026-03-29T20:23:50.263000+00:00,66782.0,0.00041727,sell,okx,BTC-USDT,0
984590993,2026-03-29T20:23:50.263000+00:00,66783.7,1.508e-05,sell,okx,BTC-USDT,0
984590992,2026-03-29T20:23:50.263000+00:00,66784.7,3.452e-05,sell,okx,BTC-USDT,0
984590991,2026-03-29T20:23:50.203000+00:00,66789.9,0.0022,sell,okx,BTC-USDT,0
984590990,2026-03-29T20:23:50.203000+00:00,66789.9,2e-05,sell,okx,BTC-USDT,0
984590989,2026-03-29T20:23:47.496000+00:00,66790.0,0.00149751,buy,okx,BTC-USDT,0
984590988,2026-03-29T20:23:47.496000+00:00,66790.0,0.00174345,buy,okx,BTC-USDT,0
984590987,2026-03-29T20:23:47.338000+00:00,66789.9,0.00030165,sell,okx,BTC-USDT,0
984590986,2026-03-29T20:23:47.213000+00:00,66787.2,0.00019567,buy,okx,BTC-USDT,0
984590985,2026-03-29T20:23:47.116000+00:00,66787.1,0.00487725,buy,okx,BTC-USDT,0
984590984,2026-03-29T20:23:47.116000+00:00,66787.1,0.04231,buy,okx,BTC-USDT,0
984590983,2026-03-29T20:23:47.116000+00:00,66787.1,0.00423,buy,okx,BTC-USDT,0
984590982,2026-03-29T20:23:47.116000+00:00,66787.1,0.0009,buy,okx,BTC-USDT,0
984590981,2026-03-29T20:23:47.116000+00:00,66787.1,0.0011,buy,okx,BTC-USDT,0
984590980,2026-03-29T20:23:47.116000+00:00,66787.1,0.09576275,buy,okx,BTC-USDT,0
984590979,2026-03-29T20:23:47.116000+00:00,66787.1,0.04593725,buy,okx,BTC-USDT,0
984590978,2026-03-29T20:23:47.116000+00:00,66787.1,0.10543275,buy,okx,BTC-USDT,0
984590977,2026-03-29T20:23:46.913000+00:00,66789.9,0.00075,sell,okx,BTC-USDT,0
